1517254274948,11999.98,11139.55,11361,2.225451,11368,5,11524.70747165,11802.9,11802.79,11361,-3.744,14536.175343,167525168.58471444
1517254280270,11999.98,11139.55,11361,2.628563,11368,4.650363,11524.70146146,11790.19,11790.04,11368,-3.581,14536.55499,167529456.53787735
1517254286040,11999.98,11139.55,11361.01,0.026255,11368,4.617235,11524.70074302,11790.19,11790.04,11368,-3.581,14536.620204,167530197.66602734
1517254291643,11999.98,11139.55,11361,2.057042,11369.99,0.000016,11524.64902132,11790.19,11802.9,11368,-3.581,14541.398237,167584510.96062723
1517254297305,11999.98,11139.55,11361,1.135699,11369.99,0.000016,11524.60633525,11799.89,11790.16,11361,-3.719,14545.037643,167625832.96690556
1517254302900,11999.98,11139.55,11368,0.369868,11369.99,0.009267,11524.60481311,11800,11799.89,11368,-3.661,14545.130783,167626884.22910136
1517254308542,11999.98,11139.55,11369.99,0.04,11370,2.725166,11524.59824038,11811.61,11806.25,11369.99,-3.739,14545.563407,167631774.445629
1517254314709,11999.98,11139.55,11359.51,1.01,11374.97,0.005,11524.54794317,11802.9,11799.89,11361,-3.744,14550.204632,167684530.86436507
1517254320160,11999.98,11139.55,11359.53,1.008795,11374.95,0.01,11524.52467452,11799.89,11811.63,11359.51,-3.732,14549.064577,167671053.70878842
1517254325943,11999.98,11139.55,11359.55,0.017629,11374.9,0.0015,11524.48497349,11806.25,11790.16,11361.01,-3.771,14550.309867,167684827.4218234
1517254331105,11999.98,11139.55,11359.02,0.009152,11374.84,0.01,11524.48374628,11790.62,11811.62,11359.02,-3.661,14550.262351,167684261.96824148
1517254337067,11999.98,11139.55,11359.02,0.009152,11359.03,0.533667,11524.47049939,11791.09,11790.62,11359.03,-3.664,14551.198676,167694859.87235296
1517254342976,11999.98,11139.55,11359.02,0.000184,11359.03,0.329582,11524.46008687,11811.34,11790.62,11359.03,-3.829,14550.975505,167692136.4324669
1517254348329,11999.98,11139.55,11359,0.229527,11359.03,0.313351,11524.45760596,11810.92,11811.34,11359.03,-3.826,14550.908174,167691324.37954825
1517254354065,11999.98,11139.55,11359,0.167452,11369.96,0.01,11524.40624068,11810.71,11810.78,11359,-3.825,14555.05556,167738373.12917262
1517254359758,11999.98,11139.55,11359.02,0.03,11359.03,0.031204,11524.40217104,11799.96,11799.96,11359.03,-3.737,14554.940666,167736989.81063065
1517254365400,11999.98,11139.55,11349.59,0.0021,11357.93,0.603482,11524.39795015,11799.99,11799.96,11357.93,-3.746,14555.250809,167740502.58718345
1517254370854,11999.98,11139.55,11344.03,0.000302,11349.59,0.000032,11524.36180829,11800,11783,11349.59,-3.817,14553.455981,167719292.28601685
1517254376460,11999.98,11139.55,11343.04,0.130309,11357.9,1.005,11524.34970067,11799.96,11800,11357.93,-3.746,14554.168708,167727329.79353103
1517254382075,11999.98,11139.55,11350,0.011609,11357.9,1.00083,11524.3237472,11800,11800,11341.09,-3.889,14555.745655,167745125.31005412
1517254387452,11999.98,11139.55,11350,0.011609,11353.38,0.567875,11524.32176916,11800,11799.96,11353.38,-3.785,14555.642057,167743902.62156013
1517254394345,11999.98,11139.55,11340.37,0.009763,11341.01,0.808334,11524.11310836,11798,11811.63,11341.01,-3.873,14545.781251,167627228.3860193
1517254400153,11999.98,11139.55,11340,0.461069,11341.01,0.018078,11524.05900696,11798,11798,11341.01,-3.873,14549.572448,167670131.41674775
1517254405442,11999.98,11139.55,11341.01,0.002435,11357.86,0.942525,11524.05701671,11798,11798,11357.86,-3.731,14549.591654,167670323.79054394
1517254411346,11999.98,11139.55,11340.05,0.0035,11340.09,3.504751,11524.04240891,11798,11798,11355,-3.755,14548.833906,167661378.9329423
1517254416925,11999.98,11139.55,11340,0.467275,11340.09,0.806477,11523.99145134,11800,11795.68,11340.09,-3.898,14551.122416,167687010.32934073
1517254422480,11999.98,11139.55,11340.03,1,11355,0.01308,11523.97456292,11800.18,11800,11355,-3.773,14552.164094,167698768.85469383
1517254427881,11999.98,11139.55,11340.29,0.352723,11359.99,0.004852,11523.9706766,11800,11809,11359.99,-3.729,14552.331883,167700645.89577073
1517254433557,11999.98,11139.55,11341.2,0.352723,11359.99,0.000208,11523.96594341,11800.06,11798.01,11359.99,-3.729,14552.088668,167697774.2154951
1517254439495,11999.98,11139.55,11340,0.543427,11359.76,0.327109,11523.9438711,11800.18,11800.06,11359.81,-3.732,14553.847009,167717716.0402423
1517254445115,11999.98,11139.55,11350.85,0.011287,11354.96,0.327109,11523.94323173,11800.18,11800.18,11359.81,-3.732,14553.813323,167717318.53937882
1517254450450,11999.98,11139.55,11352.9,0.012154,11354.96,0.291057,11523.9357775,11800,11800,11354.96,-3.772,14553.477837,167713343.93283367
1517254456230,11999.98,11139.55,11352.9,0.012154,11354.96,0.291057,11523.91754305,11800,11800,11354.96,-3.772,14552.516622,167702001.59583366
1517254461728,11999.98,11139.55,11352.9,0.012154,11354.96,0.266219,11523.84601969,11802.55,11802.55,11354.96,-3.792,14548.787576,167657987.79898733
1517254467433,11999.98,11139.55,11352.9,0.000178,11354.96,0.256775,11523.84320794,11809,11806.94,11352.9,-3.862,14548.677239,167656675.38523006
1517254473185,11999.98,11139.55,11340,0.540937,11350.8,0.005,11523.84249322,11809,11806.94,11350.85,-3.88,14548.738533,167657371.32939205
1517254478161,11999.98,11139.55,11342.7,0.005323,11350.71,0.206946,11523.81680605,11810.99,11810.99,11350.85,-3.896,14547.435204,167641978.2887143
1517254483416,11999.98,11139.55,11343.52,0.006478,11354.93,0.005,11523.80697152,11800.17,11800.06,11343.52,-3.87,14547.287152,167640129.09898692
1517254489555,11999.98,11139.55,11343.52,0.002823,11354.93,0.004999,11523.80692622,11800.17,11800.06,11343.52,-3.87,14547.290808,167640170.57090744
1517254495244,11999.98,11139.55,11344,0.324735,11354.93,0.004999,11523.80574149,11800.17,11800.06,11343.52,-3.87,14547.228506,167639435.38016215
1517254500919,11999.98,11139.55,11344,0.251218,11354.93,0.004998,11523.8048328,11800.17,11800.06,11344,-3.866,14547.302024,167640269.36836508
1517254506400,11999.98,11139.55,11345.01,0.0035,11354.93,0.002975,11523.78565216,11800.98,11811,11354.93,-3.78,14546.330945,167628799.83549443
1517254511806,11999.98,11139.55,11345.01,0.000204,11354.96,0.568677,11523.77969218,11800.07,11811,11345.01,-3.856,14546.184057,167627020.43476644
1517254517288,11999.98,11139.55,11345.01,0.000204,11354.96,0.559677,11523.77958751,11810.95,11811,11354.96,-3.861,14546.193046,167627122.4995401
1517254523020,11999.98,11139.55,11345.01,0.000204,11354.96,0.559677,11523.7520189,11811.62,11810,11354.96,-3.866,14544.794399,167610603.81992242
1517254528708,11999.98,11139.55,11354.93,0.001181,11354.96,0.615934,11523.74647707,11810,11811.54,11354.93,-3.853,14544.562647,167607852.56389725
1517254534192,11999.98,11139.55,11343.55,0.0015,11354.96,0.615934,11523.73762068,11813.81,11810,11343.52,-3.981,14545.160137,167614609.0695763
1517254539985,11999.98,11139.55,11346,0.019801,11354.96,0.599916,11523.72959644,11816.23,11815,11354.96,-3.904,14544.783743,167610154.8929874
1517254545092,11999.98,11139.55,11346,0.019801,11349.91,0.615955,11523.70716298,11814.58,11814.58,11349.91,-3.933,14543.798619,167598476.322765
1517254551078,11999.98,11139.55,11343.52,0.49416,11354.95,0.0035,11523.70526286,11811.26,11810,11343.52,-3.96,14543.774499,167598170.73598686
1517254556933,11999.98,11139.55,11344.06,0.0015,11354.04,1,11523.70052343,11811.81,11812.16,11343.52,-3.965,14543.534882,167595340.53227958
1517254562506,11999.98,11139.55,11343.52,0.270022,11344,2.366866,11523.68250818,11810.8,11810.8,11344,-3.952,14544.964405,167611551.89597788
1517254567987,11999.98,11139.55,11339.96,0.000214,11340,1.874731,11523.66230175,11811.81,11814.76,11340,-3.994,14546.067183,167623966.03544608
1517254573460,11999.98,11139.55,11339.97,0.025956,11340,1.858516,11523.65954577,11812.1,11811.81,11340,-3.997,14545.954609,167622628.682348
1517254578957,11999.98,11139.55,11339.97,0.025956,11340,1.815046,11523.64576137,11811.81,11820,11340,-3.994,14545.488561,167617057.60295543
1517254584124,11999.98,11139.55,11339.97,0.025956,11339.99,0.255381,11523.64015724,11814.84,11811.81,11339.99,-4.019,14545.487673,167616965.85525516
1517254590319,11999.98,11139.55,11336.2,0.0025,11339,0.00397,11523.62717645,11810.4,11810.4,11339,-3.991,14544.970489,167610817.2077317
1517254596183,11999.98,11139.55,11336.2,0.0025,11339,0.058962,11523.54696071,11800.13,11800.13,11339,-3.908,14540.74795,167560991.84564003
1517254601086,11999.98,11139.55,11336.2,0.0025,11339,0.021849,11523.53942712,11809.35,11809.35,11339,-3.983,14540.419367,167557095.862544
1517254607250,11999.98,11139.55,11331.11,0.0021,11331.48,0.616,11523.5129961,11809.4,11809.4,11332.99,-4.034,14541.326413,167567163.90072012
1517254612636,11999.98,11139.55,11330,0.223692,11331.48,0.337898,11523.48810801,11809.4,11809.39,11331.48,-4.047,14543.03517,167586492.83584544
1517254617426,11999.98,11139.55,11330,0.201848,11331.93,0.020981,11523.47617296,11810,11813.32,11331.93,-4.048,14542.995015,167585856.5388104
1517254624142,11999.98,11139.55,11333.44,0.024473,11338.99,0.0015,11523.45552239,11813.01,11819,11338,-4.021,14542.006437,167574164.38313624
1517254629630,11999.98,11139.55,11330,0.201848,11331,0.000011,11523.4037876,11811.81,11811.81,11331,-4.071,14541.198829,167564105.66235253
1517254635383,11999.98,11139.55,11330,0.138356,11338.93,0.0015,11523.39899069,11810.04,11810.03,11330,-4.065,14541.354731,167565832.43041825
1517254640986,11999.98,11139.55,11326.56,0.0025,11330,0.295914,11523.38839326,11810.04,11810.03,11330,-4.065,14542.151571,167574860.62631825
1517254646450,11999.98,11139.55,11329.5,0.033053,11330,0.047289,11523.384954,11810.04,11810.03,11330,-4.065,14542.410196,167577790.84746826
1517254652314,11999.98,11139.55,11329.5,0.033053,11330,0.130591,11523.37136179,11811.81,11811.81,11330,-4.079,14541.741702,167569889.8794295
