1517254274996,0.10598,0.1033,0.10422,10.217,0.10434,0.323,0.10489058,0.10435,0.104374,0.10434,-0.01,137631.064,14436.20187906
1517254280475,0.10598,0.1033,0.104223,0.04,0.104317,0.001,0.10489061,0.104251,0.10425,0.10422,-0.03,137623.679,14435.43104741
1517254285998,0.10598,0.1033,0.104241,5.224,0.104343,5.346,0.10489057,0.104258,0.104258,0.104343,0.082,137631.168,14436.21192274
1517254291898,0.10598,0.1033,0.104317,0.004,0.104345,0.04,0.10489059,0.104262,0.104392,0.104317,0.053,137625.981,14435.67042561
1517254297483,0.10598,0.1033,0.104241,0.004,0.104316,0.016,0.1048906,0.104363,0.104279,0.104241,-0.117,137623.124,14435.37208177
1517254302897,0.10598,0.1033,0.104243,1.938,0.104337,0.123,0.10489061,0.10431,0.104304,0.104242,-0.065,137621.275,14435.17894049
1517254309044,0.10598,0.1033,0.10425,8.57,0.104332,0.108,0.10489068,0.10448,0.104326,0.104347,-0.127,137597.549,14432.70080895
1517254314614,0.10598,0.1033,0.104251,0.04,0.104349,3.269,0.10489067,0.1044,0.104329,0.104355,-0.043,137599.596,14432.91387191
1517254320241,0.10598,0.1033,0.104256,0.803,0.104368,7.232,0.10489062,0.104331,0.104472,0.10426,-0.068,137611.907,14434.19820193
1517254325841,0.10598,0.1033,0.10427,8.56,0.104377,0.932,0.10489059,0.10434,0.104336,0.104349,0.009,137619.176,14434.95681093
1517254331324,0.10598,0.1033,0.104271,2.299,0.104374,0.04,0.10489057,0.104458,0.104458,0.104271,-0.179,137623.18,14435.3740052
1517254337073,0.10598,0.1033,0.104265,0.853,0.104396,0.04,0.10489055,0.104447,0.10445,0.104265,-0.174,137629.189,14436.00112164
1517254342715,0.10598,0.1033,0.10427,0.166,0.104374,0.682,0.10489059,0.104446,0.104446,0.104374,-0.069,137613.302,14434.34056725
1517254348095,0.10598,0.1033,0.104275,0.021,0.104374,0.633,0.10489065,0.104349,0.104349,0.104275,-0.071,137595.788,14432.5113698
1517254353817,0.10598,0.1033,0.104328,0.003,0.10439,0.001,0.10489065,0.104345,0.104388,0.10439,0.043,137595.677,14432.49974299
1517254359553,0.10598,0.1033,0.104324,0.001,0.104383,0.17,0.10489064,0.104353,0.10435,0.104324,-0.028,137596.194,14432.55342125
1517254365160,0.10598,0.1033,0.104329,0.001,0.104376,0.17,0.10489071,0.104335,0.10425,0.104382,0.045,137578.571,14430.71463632
1517254370649,0.10598,0.1033,0.104282,0.04,0.104385,2.202,0.10489068,0.10434,0.104452,0.104385,0.043,137588.019,14431.70035797
1517254376289,0.10598,0.1033,0.104283,4.993,0.104398,0.205,0.10489066,0.104282,0.104282,0.104282,0,137592.633,14432.18202836
1517254381751,0.10598,0.1033,0.104288,0.218,0.104399,4.809,0.10489064,0.104296,0.104455,0.104288,-0.008,137596.862,14432.62311291
1517254387172,0.10598,0.1033,0.104296,0.04,0.104404,0.039,0.10489061,0.104271,0.104254,0.104295,0.023,137607.165,14433.69898227
1517254393005,0.10598,0.1033,0.104315,9.841,0.104433,0.04,0.10489062,0.104454,0.104328,0.104315,-0.133,137602.625,14433.22504863
1517254398522,0.10598,0.1033,0.104324,0.337,0.104432,0.001,0.10489063,0.104431,0.104437,0.104432,0.001,137601.711,14433.1297173
1517254404213,0.10598,0.1033,0.10433,0.02,0.10445,0.001,0.10489063,0.104445,0.104447,0.104329,-0.111,137600.358,14432.98816688
1517254409961,0.10598,0.1033,0.104336,2.993,0.104445,0.176,0.10489068,0.104444,0.10435,0.104336,-0.103,137584.261,14431.30644056
1517254415354,0.10598,0.1033,0.10435,8.56,0.104448,1.008,0.10489068,0.104355,0.104354,0.10444,0.081,137582.45,14431.1172392
1517254421381,0.10598,0.1033,0.104344,0.001,0.104349,0.001,0.10489061,0.10436,0.10447,0.104349,-0.011,137599.251,14432.86878968
1517254427095,0.10598,0.1033,0.104344,0.001,0.104458,4.896,0.1048906,0.104467,0.104364,0.104458,-0.009,137600.217,14432.96927072
1517254432373,0.10598,0.1033,0.10433,2.217,0.104373,0.001,0.10489063,0.104462,0.104348,0.10433,-0.126,137591.68,14432.07795776
1517254438083,0.10598,0.1033,0.104296,0.181,0.104441,6.657,0.1048906,0.104373,0.104373,0.104296,-0.074,137597.704,14432.70639607
1517254443727,0.10598,0.1033,0.104297,0.314,0.104432,5.287,0.10489061,0.10446,0.10447,0.104433,-0.026,137595.363,14432.46186059
1517254449463,0.10598,0.1033,0.104305,3.028,0.104426,0.314,0.10489056,0.10446,0.10446,0.104427,-0.032,137610.819,14434.07525305
1517254454933,0.10598,0.1033,0.104328,4.941,0.104433,0.383,0.10489061,0.10447,0.10447,0.104327,-0.137,137593.625,14432.27868432
1517254460494,0.10598,0.1033,0.104338,0.252,0.104432,0.003,0.10489065,0.104447,0.104439,0.104334,-0.108,137578.382,14430.68627557
1517254466279,0.10598,0.1033,0.104244,23.178,0.104444,12.488,0.10489064,0.104439,0.10447,0.104244,-0.187,137578.276,14430.67380774
1517254471807,0.10598,0.1033,0.104244,23.178,0.104412,0.588,0.10489069,0.104487,0.104405,0.104418,-0.066,137562.793,14429.05659762
1517254477362,0.10598,0.1033,0.104305,0.02,0.104409,0.04,0.10489069,0.104406,0.104405,0.104304,-0.098,137562.731,14429.04981691
1517254483079,0.10598,0.1033,0.104421,23.547,0.104423,4.793,0.10489065,0.104405,0.104487,0.104421,0.015,137571.487,14429.96332626
1517254488751,0.10598,0.1033,0.104444,22.178,0.104449,0.001,0.10489061,0.104485,0.104486,0.104444,-0.039,137585.984,14431.47726899
1517254494347,0.10598,0.1033,0.104498,14.75,0.1045,12.586,0.10489052,0.10444,0.104382,0.104498,0.056,137615.201,14434.53063319
1517254499165,0.10598,0.1033,0.1045,10.258,0.10454,0.013,0.1048905,0.104488,0.104488,0.10454,0.05,137625.576,14435.61524453
1517254505530,0.10598,0.1033,0.104502,0.021,0.104554,0.002,0.10489049,0.1044,0.1044,0.104502,0.098,137628.103,14435.87942937
1517254511313,0.10598,0.1033,0.104502,0.001,0.104572,0.352,0.10489049,0.1044,0.104401,0.104572,0.165,137629.122,14435.98628181
1517254516802,0.10598,0.1033,0.104502,12.432,0.104566,0.023,0.10489049,0.1044,0.1044,0.104502,0.098,137629.97,14436.07553406
1517254522377,0.10598,0.1033,0.104502,10.101,0.104565,5.14,0.10489062,0.104485,0.104485,0.104565,0.077,137593.818,14432.30024876
1517254528137,0.10598,0.1033,0.104502,6.525,0.104563,0.399,0.10489062,0.104479,0.104479,0.104563,0.08,137595.652,14432.49317394
1517254533745,0.10598,0.1033,0.104501,6.923,0.104502,0.002,0.10489061,0.104488,0.1044,0.104501,0.012,137600.013,14432.94915969
1517254539367,0.10598,0.1033,0.104502,0.524,0.104564,2.967,0.10489066,0.104487,0.104487,0.104502,0.014,137586.352,14431.52260546
1517254545009,0.10598,0.1033,0.104413,0.04,0.104503,1.056,0.10489063,0.104491,0.104476,0.104503,0.011,137597.272,14432.6644625
1517254550885,0.10598,0.1033,0.104434,5.226,0.104588,0.001,0.10489064,0.10449,0.104491,0.104588,0.094,137595.198,14432.44820868
1517254556451,0.10598,0.1033,0.104443,1.997,0.10454,0.095,0.1048906,0.104489,0.104489,0.104443,-0.044,137606.44,14433.62232288
1517254562179,0.10598,0.1033,0.104443,1.079,0.104491,0.299,0.10489061,0.104499,0.104504,0.104492,-0.007,137603.744,14433.34073947
1517254567596,0.10598,0.1033,0.104351,0.04,0.104523,2.339,0.1048906,0.104489,0.104396,0.104345,-0.138,137606.191,14433.59550742
1517254573224,0.10598,0.1033,0.104382,0.079,0.104486,0.293,0.10489057,0.104504,0.104458,0.104383,-0.116,137611.565,14434.15581949
1517254579032,0.10598,0.1033,0.104334,4.97,0.104472,3.238,0.10489056,0.104463,0.104463,0.104472,0.009,137615.259,14434.54089775
1517254584619,0.10598,0.1033,0.104339,3.296,0.104467,0.04,0.10489055,0.104606,0.104606,0.104469,-0.131,137615.486,14434.5644759
1517254590110,0.10598,0.1033,0.104461,1.345,0.104466,0.001,0.10489058,0.10461,0.104611,0.104466,-0.138,137603.283,14433.28849995
1517254595951,0.10598,0.1033,0.104388,0.246,0.104487,0.02,0.10489059,0.104477,0.104603,0.104385,-0.088,137596.679,14432.59728134
1517254601545,0.10598,0.1033,0.104468,0.03,0.104488,2.912,0.10489058,0.104496,0.104495,0.104468,-0.027,137601.48,14433.09843917
1517254607263,0.10598,0.1033,0.104372,2.957,0.104462,2.905,0.10489058,0.10441,0.104581,0.104462,0.05,137597.395,14432.67112684
1517254612936,0.10598,0.1033,0.104378,2.952,0.104483,0.378,0.10489055,0.104492,0.104492,0.104483,-0.009,137606.698,14433.64221053
1517254618306,0.10598,0.1033,0.104383,1.729,0.104486,0.003,0.10489053,0.104492,0.104492,0.104383,-0.104,137609.191,14433.9013684
1517254624171,0.10598,0.1033,0.104256,1.295,0.104449,1.915,0.10489045,0.104494,0.104494,0.104454,-0.038,137627.579,14435.81905591
1517254629748,0.10598,0.1033,0.104281,0.02,0.104444,2.27,0.1048904,0.104499,0.10461,0.104443,-0.054,137642.207,14437.34561737
1517254635315,0.10598,0.1033,0.104304,1.415,0.104444,0.616,0.10489038,0.104506,0.104505,0.104302,-0.195,137643.511,14437.47982117
1517254641126,0.10598,0.1033,0.104345,0.636,0.104459,0.466,0.10489037,0.104507,0.104604,0.104345,-0.155,137642.609,14437.38473829
1517254646869,0.10598,0.1033,0.104354,0.371,0.104456,0.647,0.10489038,0.104602,0.104612,0.104353,-0.238,137639.125,14437.02001814
1517254652480,0.10598,0.1033,0.104371,0.209,0.104458,0.001,0.10489041,0.104509,0.104612,0.104458,-0.049,137626.522,14435.70221863
