1517086648216,11650,10800.93,11511.01,0.043826,11514.99,0.022715,11220.58661173,10999.42,10999.42,11510,4.642,18707.913769,209913766.7697931
1517086653347,11650,10800.93,11510,0.26584,11514.98,0.0035,11220.60951027,11000.03,11000.03,11510,4.636,18709.196134,209928584.07068896
1517086656294,11650,10800.93,11511.02,0.028871,11515,4.665042,11220.61985118,11000,11000,11515,4.682,18709.723403,209934693.82579955
1517086660838,11650,10800.93,11510.99,0.984706,11515,4.095674,11220.67415348,11000.35,11049.36,11515,4.678,18706.416381,209898602.790496
1517086664801,11650,10800.93,11510.99,1.484786,11515,4.041799,11220.68106666,11024.55,11000.41,11515,4.449,18706.065329,209894793.06874397
1517086668520,11650,10800.93,11512.31,0.000201,11515,3.841799,11220.68565281,11000.54,11000.53,11510.99,4.64,18706.292009,209897422.36261746
1517086672878,11650,10800.93,11512.32,0.963136,11515,0.201243,11220.7817663,11024.06,11024.11,11515,4.453,18711.821091,209961260.91217986
1517086676690,11650,10800.93,11522.02,0.807237,11535.5,0.0055,11220.81647165,11001.38,11001.09,11522.02,4.733,18710.409406,209946070.0540719
1517086680299,11650,10800.93,11525.78,0.02988,11535.48,0.00699,11220.81790471,11018.28,11001.38,11525.78,4.606,18710.494748,209947054.47427443
1517086683876,11650,10800.93,11525.79,0.9217,11535.47,0.42,11220.83538564,11012.71,11012.74,11525.79,4.659,18709.381046,209934884.884437
1517086688149,11650,10800.93,11530,5.080167,11535.42,0.00699,11220.87110281,11023.8,11023.85,11530,4.592,18710.912358,209952735.78511903
1517086691537,11650,10800.93,11535.47,0.048526,11535.52,0.00699,11220.88158126,11023.49,11023.64,11535.54,4.645,18711.445932,209958919.01719674
1517086696706,11650,10800.93,11535.77,0.006988,11548.22,2.631975,11220.89318067,11023.49,11006.05,11548.22,4.76,18712.112375,209966614.14449164
1517086700324,11650,10800.93,11535.75,0.070234,11535.76,0.99,11220.9202945,11006.36,11006.3,11535.76,4.81,18713.697424,209984907.21014726
1517086703863,11650,10800.93,11550,0.711055,11550.24,2.196861,11220.9514008,11006.36,11006.36,11550.24,4.942,18715.414889,210004760.9153036
1517086707263,11650,10800.93,11535.77,1.0055,11549.95,0.102345,11220.98186581,11006.49,11006.36,11530.26,4.759,18717.181794,210025157.48953012
1517086710897,11650,10800.93,11540.01,1,11556.75,0.0035,11220.98964962,11006.49,11006.49,11549.82,4.936,18717.625018,210030276.5924852
1517086715390,11650,10800.93,11540.11,0.006991,11556.76,0.002,11221.06292894,11023.31,11006.36,11550.17,4.78,18721.09174,210070548.5129509
1517086719358,11650,10800.93,11549.91,0.002597,11556.74,0.00367,11221.07386941,11006.6,11006.42,11549.8,4.935,18720.253426,210061346.54729947
1517086722938,11650,10800.93,11549.97,0.0055,11556.77,0.012269,11221.08469037,11011.25,11006.55,11540.01,4.802,18720.822151,210067930.82973117
1517086726675,11650,10800.93,11556.74,0.000079,11559.99,0.421096,11221.09065316,11007,11007,11559.99,5.024,18720.641609,210066016.57994813
1517086730336,11650,10800.93,11556.83,0.002595,11559.99,0.416613,11221.09302827,11011,11019.18,11556.72,4.956,18720.654499,210066205.68337998
1517086734125,11650,10800.93,11555,0.002,11559.99,0.416613,11221.1230856,11007,11007.01,11549.97,4.933,18718.451274,210042045.71731642
1517086738395,11650,10800.93,11540.14,0.346614,11559.99,0.650838,11221.19541685,11006.57,11006.51,11559.99,5.028,18714.123776,209994839.9456085
1517086741907,11650,10800.93,11549.92,0.667186,11559.98,0.825,11221.19579329,11023.4,11015.04,11559.99,4.868,18714.090426,209994472.76342452
1517086745492,11650,10800.93,11549.95,0.045,11559.99,0.571305,11221.21426255,11007.36,11006.36,11559.99,5.021,18714.947027,210004430.50224963
1517086749014,11650,10800.93,11550.07,0.0055,11558,0.000311,11221.22465311,11007.37,11007.36,11558,5.002,18715.473916,210010537.3008588
1517086752804,11650,10800.93,11550.11,0.051947,11558,0.000311,11221.22580947,11023.3,11007.37,11550.11,4.779,18715.488862,210010726.6550702
1517086756981,11650,10800.93,11552,0.00331,11558,0.000096,11221.23646332,11007.39,11015.02,11558,5.002,18715.289531,210008689.30677125
1517086761046,11650,10800.93,11550,0.01326,11558.95,0.0055,11221.26547731,11007.5,11007.39,11550.2,4.93,18716.900303,210027307.21228504
1517086764910,11650,10800.93,11540.04,0.346618,11558.92,0.002,11221.28711544,11007.4,11007.39,11558.93,5.011,18717.882788,210038736.95728895
1517086768448,11650,10800.93,11550,0.879554,11558.87,0.053,11221.28922632,11023.42,11007.64,11558.93,4.858,18717.684606,210036552.61090708
1517086772288,11650,10800.93,11550,0.879535,11558.81,0.053,11221.2948283,11042.54,11020,11550,4.596,18717.159006,210030759.55444723
1517086775876,11650,10800.93,11550,0.903208,11550.18,0.002017,11221.30189373,11038.15,11010.41,11550.2,4.639,18717.334435,210032860.3409607
1517086780001,11650,10800.93,11550.22,0.002,11557.81,0.002,11221.31280464,11038.15,11042.51,11550.2,4.639,18717.572743,210035738.69278982
1517086783773,11650,10800.93,11550.2,0.525506,11550.23,0.42595,11221.33890839,11038.08,11043,11550.23,4.64,18715.667644,210014849.5300838
1517086787541,11650,10800.93,11550.2,0.256406,11550.23,0.205983,11221.35230353,11042.67,11025.07,11550.23,4.596,18715.654717,210014955.17070395
1517086790652,11650,10800.93,11542.61,0.027055,11550,0.000023,11221.38486156,11025.57,11025.52,11550,4.756,18714.199268,209999232.3622091
1517086794727,11650,10800.93,11549.8,0.00178,11549.99,0.534074,11221.38688731,11042.87,11025.61,11550,4.592,18714.115077,209998325.53264973
1517086799119,11650,10800.93,11545,0.026477,11549.99,0.00013,11221.40265007,11026.57,11026.32,11549.99,4.747,18714.061078,209998014.574202
1517086802709,11650,10800.93,11545.01,0.053,11549.99,0.00013,11221.40275418,11026.57,11026.57,11549.99,4.747,18714.051078,209997904.308502
1517086806222,11650,10800.93,11549.99,0.011367,11550,0.000108,11221.4145912,11026.53,11029.44,11550,4.747,18714.168322,209999441.470673
1517086809881,11650,10800.93,11549.99,0.011367,11550,0.000009,11221.41697369,11027.51,11032.33,11550,4.738,18713.994248,209997532.69998595
1517086813395,11650,10800.93,11550.98,0.046843,11557.72,0.000019,11221.4424376,11027.51,11027.51,11550.98,4.747,18715.298694,210012646.99722895
1517086817162,11650,10800.93,11550.98,0.035768,11557.72,0.000019,11221.44380002,11027.51,11027.51,11550.98,4.747,18715.297281,210012656.63943988
1517086821587,11650,10800.93,11550.2,0.06149,11550.98,0.556172,11221.44663547,11030,11030,11550.98,4.723,18715.411505,210013991.4642264
1517086825699,11650,10800.93,11540.03,0.006994,11550.95,0.01,11221.48894759,11026.52,11026.53,11530.02,4.566,18717.340345,210036427.80963594
1517086829356,11650,10800.93,11520.94,0.084081,11550.09,0.257346,11221.53053906,11026.53,11032.2,11550.13,4.749,18717.780702,210042147.7709592
1517086832823,11650,10800.93,11520.96,0.047,11549.72,0.250579,11221.54898454,11026.53,11032.2,11549.81,4.746,18716.356612,210026512.53365943
1517086836471,11650,10800.93,11515.26,0.347364,11549.5,0.015308,11221.56414904,11026.52,11026.52,11549.5,4.743,18716.2428,210025519.2092702
1517086840529,11650,10800.93,11515.56,0.347364,11545.88,2,11221.57291095,11026.32,11026.32,11545.89,4.712,18716.671915,210030498.5445586
1517086844716,11650,10800.93,11525.42,0.007006,11543.91,0.0018,11221.65684134,11032.2,11026.32,11543.92,4.638,18720.747846,210077808.14104354
1517086848239,11650,10800.93,11515.63,0.015549,11543.62,0.17,11221.681908,11032.21,11032.2,11543.63,4.636,18721.735194,210089357.11282834
1517086851813,11650,10800.93,11515.05,0.260502,11540.69,0.062839,11221.68709559,11026.52,11026.52,11543.37,4.687,18721.999298,210092417.92608714
1517086855371,11650,10800.93,11515.05,6.272907,11539.96,0.000129,11221.75436191,11025.44,11025.44,11515.05,4.441,18724.884286,210126051.91275367
1517086859065,11650,10800.93,11515.29,0.347368,11539.74,0.027,11221.7641499,11026.01,11026.01,11539.76,4.659,18724.623047,210123303.62928623
1517086862921,11650,10800.93,11515.62,0.01,11529.49,0.01752,11221.76618977,11025.44,11026.19,11529.49,4.572,18724.550209,210122524.45401338
1517086866334,11650,10800.93,11515.05,6.207363,11515.62,0.000182,11221.78121135,11025.09,11025.09,11515.58,4.449,18725.498393,210133446.03964117
1517086870096,11650,10800.93,11515.05,5.493935,11515.6,0.237033,11221.79703068,11026.19,11025.09,11515.05,4.434,18726.430527,210144202.4830316
1517086873918,11650,10800.93,11515.06,2.04,11515.58,0.114379,11221.80014424,11021,11021,11515.05,4.483,18726.134119,210140934.5575598
1517086877476,11650,10800.93,11516,0.613363,11524.94,0.01752,11221.81054656,11021,11021,11516,4.491,18726.694486,210147417.68523708
1517086881101,11650,10800.93,11516,0.205116,11524.88,0.01752,11221.81977581,11021,11025.09,11516,4.491,18726.838097,210149202.09533307
1517086885189,11650,10800.93,11516,0.780592,11524.83,0.007017,11221.82441246,11021,11025.09,11516.04,4.492,18727.133232,210152600.8782115
1517086888839,11650,10800.93,11516.02,0.007021,11520,0.004293,11221.83023335,11020,11020,11516,4.501,18726.921975,210150339.19664735
1517086891900,11650,10800.93,11515.07,0.007022,11524.84,1,11221.87515524,11021,11020,11515.58,4.488,18729.768065,210183118.91207397
1517086896157,11650,10800.93,11515.05,5.163282,11524.82,0.007022,11221.88075038,11021,11021,11515.05,4.483,18730.108601,210187045.16214758
1517086899458,11650,10800.93,11515.05,5.295888,11515.07,0.082932,11221.90747002,11021,11021,11515.05,4.483,18728.485587,210169332.31098428
1517086903336,11650,10800.93,11515.05,5.22466,11515.18,0.069721,11221.93375495,11020.09,11020.03,11515.18,4.493,18726.671803,210149470.4239044
1517086907500,11650,10800.93,11515.89,0.065162,11520,0.075373,11221.97440594,11020.01,11020,11520,4.537,18727.61831,210160853.35911962
1517086911495,11650,10800.93,11515.05,3.247495,11520,0.008508,11221.9919759,11020.11,11020,11515.18,4.492,18726.968668,210153892.12529382
1517086914926,11650,10800.93,11515.91,0.005221,11524.83,0.017574,11221.99725149,11020.11,11020.12,11515.91,4.499,18726.757522,210151621.44119
1517086918656,11650,10800.93,11515.89,0.05579,11524.83,0.017574,11222.05680737,11020.11,11020.11,11516.04,4.5,18730.545846,210195249.51685062
1517086922210,11650,10800.93,11516,0.009296,11524.81,0.007021,11222.05741733,11020.06,11020.11,11516.04,4.501,18730.489272,210194626.0651475
1517086925713,11650,10800.93,11515.89,0.017014,11524.8,1,11222.06116464,11020.02,11020.02,11515.89,4.5,18730.266119,210192192.01749375
1517086930034,11650,10800.93,11515.58,0.428428,11519.98,0.007021,11222.07259291,11025.09,11025.09,11516.04,4.453,18729.485066,210183641.03854176
1517086933371,11650,10800.93,11516.06,0.007024,11524.83,0.017574,11222.07685905,11020.01,11020.01,11515.58,4.497,18729.676123,210185864.99736696
1517086937372,11650,10800.93,11516.07,0.021925,11531.12,0.007023,11222.08547036,11020.99,11020.99,11516.07,4.492,18729.983987,210189481.1606727
1517086940805,11650,10800.93,11516,0.001,11519.98,0.007023,11222.08783496,11020,11020,11516.04,4.501,18729.948735,210189129.84843704
1517086944374,11650,10800.93,11517,0.056383,11519.98,0.007023,11222.09001102,11020.99,11020.99,11517,4.501,18730.008813,210189844.80668122
1517086947924,11650,10800.93,11516.01,0.165227,11531.05,0.049,11222.0971256,11020.99,11020.99,11516.01,4.492,18730.403221,210194404.147622
1517086951823,11650,10800.93,11520,0.3788,11530.98,0.002,11222.10667608,11020.99,11027.32,11520,4.528,18730.631802,210197148.1924041
1517086955687,11650,10800.93,11520,0.311352,11530.9,0.007024,11222.12410604,11020,11020,11520,4.537,18729.183446,210181221.0357367
1517086959333,11650,10800.93,11520.11,0.002604,11530.86,0.0055,11222.14363791,11011,11019.96,11520,4.623,18729.895485,210189577.45578623
1517086962833,11650,10800.93,11516.04,0.084697,11520,0.163529,11222.14404737,11019.87,11011,11520.11,4.539,18729.904013,210189680.82734853
1517086966254,11650,10800.93,11516.01,0.000058,11519.98,0.00442,11222.1524383,11019.87,11011,11516.01,4.502,18730.43874,210195838.77648517
1517086971302,11650,10800.93,11516.01,0.000058,11520,0.175605,11222.18418164,11011.03,11011.02,11520,4.622,18727.539425,210163896.69624737
1517086974872,11650,10800.93,11516.01,0.030258,11520,0.175605,11222.18421913,11011,11011.03,11520,4.623,18727.5361,210163860.0845726
1517086978471,11650,10800.93,11515.58,0.000027,11520,0.175605,11222.19442102,11011.02,11011,11515.58,4.582,18727.759441,210166557.51701808
1517086982192,11650,10800.93,11515,0.597048,11519.99,0.8,11222.20365702,11015,11011.03,11515,4.539,18728.127489,210170860.79628497
1517086985474,11650,10800.93,11515,0.044075,11515.58,0.000006,11222.2184378,11011.03,11011.03,11515.58,4.582,18728.239703,210172396.90260732
1517086989684,11650,10800.93,11510.99,0.30384,11515,0.395908,11222.21961525,11017.55,11011,11515,4.515,18728.246686,210172497.318957
1517086993545,11650,10800.93,11510,16.625535,11515,0.349821,11222.22809084,11011,11011,11515,4.577,18728.479911,210175273.35586622
1517086997831,11650,10800.93,11510,16.04554,11515,0.346499,11222.25044024,11007.6,11007.6,11510,4.564,18727.880404,210168964.1085279
1517087002156,11650,10800.93,11510,16.007825,11514.99,0.43,11222.25113435,11017.55,11017.58,11510,4.47,18727.908118,210169288.1211603
1517087006275,11650,10800.93,11510,16.35778,11514.98,0.788891,11222.26199686,11017.47,11007.61,11510,4.47,18728.588917,210177131.65812802
1517087010234,11650,10800.93,11510,16.321104,11514.5,0.025697,11222.26754032,11007.6,11007.6,11513.1,4.592,18728.452626,210175705.98527333
1517087013655,11650,10800.93,11510,14.928255,11514.49,2.38,11222.2895329,11007.6,11007.6,11510,4.564,18729.793541,210191166.00856492
1517087017200,11650,10800.93,11510,10.587824,11514.47,1,11222.35796191,11007,11007,11510,4.57,18733.992193,210239566.44550365
1517087021161,11650,10800.93,11510,4.894823,11514.47,0.956304,11222.44249516,11007.45,11000.71,11510,4.566,18738.412089,210290752.11937964
1517087024945,11650,10800.93,11501,0.123191,11514.44,0.999999,11222.59668008,10989.07,11007.39,11501,4.659,18737.439939,210282731.25262818
1517087028676,11650,10800.93,11501.11,0.002608,11509.98,0.007035,11222.62197617,10982.02,10982.02,11500,4.717,18739.118904,210302047.6260834
1517087032696,11650,10800.93,11501.23,0.000187,11509.95,0.007035,11222.64183041,11005,10982.01,11501.23,4.509,18740.322381,210315925.86837223
1517087036246,11650,10800.93,11501.12,0.01625,11501.23,0.485686,11222.64439265,11004.71,11004.91,11501.12,4.511,18740.165758,210314216.16140047
1517087040198,11650,10800.93,11501.01,1.64,11509.97,0.7046,11222.66684453,10982.16,11004.64,11509.97,4.806,18739.626803,210308588.40084326
1517087043722,11650,10800.93,11501.01,1.330678,11508.98,0.007035,11222.67575516,10982.16,10982.16,11501.01,4.724,18739.614995,210308622.8654681
1517087046974,11650,10800.93,11501,0.05618,11509.95,0.007039,11222.73298369,10982.17,10982.01,11501,4.724,18741.802279,210334242.6103228
1517087051058,11650,10800.93,11500.04,0.0018,11501,1.775308,11222.76668405,10983.13,10983.1,11501,4.715,18740.501993,210320281.40945232
1517087055198,11650,10800.93,11500.05,0.6,11508,0.015912,11222.83219398,10983.47,10983.3,11500.04,4.703,18739.071822,210305458.5292559
1517087058345,11650,10800.93,11500.11,0.0035,11509.97,0.0055,11222.87488342,11004.39,11000,11500.05,4.504,18737.383128,210287306.48816964
1517087062421,11650,10800.93,11500.11,0.442154,11509.89,0.007043,11222.87892989,11004.58,11004.64,11500.1,4.503,18737.418247,210287776.4447567
1517087065975,11650,10800.93,11500,1.017947,11500.05,0.338213,11222.90296348,11007.98,10983.98,11500.05,4.47,18738.72179,210302856.3088991
1517087069582,11650,10800.93,11500,0.891419,11500.05,0.123488,11222.90634148,11004.53,11004.55,11500.05,4.503,18738.935041,210305312.9041354
1517087073509,11650,10800.93,11501.01,0.245577,11508,0.02293,11222.91885807,10986,10986,11501.01,4.688,18738.34352,210298908.8595342
1517087077026,11650,10800.93,11501.01,0.110267,11507.98,0.03476,11222.94244665,10977.17,10984.38,11501.01,4.772,18736.978668,210284033.21505842
1517087080922,11650,10800.93,11502,0.16294,11508,1.625693,11222.9839803,10975.98,10975.98,11502,4.792,18735.728065,210270775.93271157
1517087084396,11650,10800.93,11501.2,0.036447,11507.98,4.377692,11222.99824321,10981,10981,11501.2,4.737,18735.628883,210269930.03938207
1517087088059,11650,10800.93,11501.02,0.36584,11507.98,4.412708,11223.0084421,10986,10981.01,11501.02,4.688,18734.971012,210262737.83009937
1517087090705,11650,10800.93,11501.02,0.36584,11507.98,4.412708,11223.02207299,10975.1,10975.1,11501.02,4.792,18733.923842,210251240.79250336
1517087096121,11650,10800.93,11501.02,0.307833,11507.98,2.4925,11223.05980776,10975,10975,11502,4.802,18735.365119,210268123.25072333
1517087099792,11650,10800.93,11501.02,1,11508,0.377521,11223.14578554,10965.07,10980.99,11508,4.951,18737.481897,210293490.98401836
1517087103273,11650,10800.93,11501.06,0.621019,11504.68,0.009306,11223.17032774,10965.07,10980.99,11508.3,4.954,18739.10114,210312123.882881
1517087107107,11650,10800.93,11515.05,0.055912,11515.56,0.035034,11223.1781806,10980.86,10980.88,11515.05,4.865,18739.138343,210312688.5743974
1517087111262,11650,10800.93,11501.12,1.65,11514.7,0.000033,11223.183878,10980.79,10980.8,11501.1,4.738,18738.885839,210309961.43999296
1517087115112,11650,10800.93,11508,0.009159,11514.62,0.035034,11223.18577826,10980.8,10980.82,11501.1,4.738,18738.739057,210308349.68703043
1517087118776,11650,10800.93,11501.11,0.0055,11514.61,0.42,11223.19042363,10980.8,10980.8,11501.13,4.739,18738.772172,210308808.3912876
1517087122465,11650,10800.93,11501.17,0.028294,11514.59,0.020034,11223.20154066,10968.12,10968.12,11501.17,4.86,18738.269771,210303378.1632778
