1517086648786,1125,1032,1114.01,5.86,1114.9,0.53,1076.12872124,1045,1045.99,1113.71,6.575,93279.82343,100381097.1052887
1517086653970,1125,1032,1114.69,18.47083,1114.91,1.90715,1076.13642077,1045,1045.99,1114.7,6.67,93298.48855,100401901.5317471
1517086657647,1125,1032,1114.7,0.36056,1114.91,1.90715,1076.13663945,1045.99,1045,1114.7,6.569,93297.83331,100401216.8059471
1517086660552,1125,1032,1114.91,0.16222,1114.92,0.30865,1076.13743202,1045.99,1045,1114.91,6.589,93299.74046,100403343.1065536
1517086665194,1125,1032,1115,15.94255,1116.99,0.48766,1076.15565854,1045.66,1045.66,1115,6.631,93342.43211,100450986.4968837
1517086669018,1125,1032,1115.03,0.56205,1117.69,1,1076.1576869,1045.98,1045.01,1117,6.79,93341.21175,100449862.5295738
1517086674460,1125,1032,1115.63,2.51005,1118.33,0.54,1076.16893822,1045.98,1045.01,1115.63,6.659,93366.95479,100478616.6008353
1517086678009,1125,1032,1115,4.08487,1118.31,0.54,1076.17384588,1045.25,1045.98,1115,6.673,93378.34314,100491330.6589157
1517086681560,1125,1032,1117,3.66743,1118.28,0.50497,1076.17587548,1045.98,1045.98,1115,6.599,93372.19354,100484902.1286754
1517086685407,1125,1032,1117.03,4.821,1118.27,0.95,1076.18179534,1045.98,1045.98,1117.03,6.793,93385.18057,100499431.2842965
1517086689098,1125,1032,1117,3.66743,1118.27,0.95,1076.18355327,1045.97,1045.98,1117.01,6.792,93383.51053,100497798.1787953
1517086692441,1125,1032,1117.01,4.463,1118.27,0.95,1076.18418857,1045.25,1045.97,1117.01,6.865,93384.81733,100499263.8633182
1517086697648,1125,1032,1117,16.57097,1119,1.85059,1076.18750817,1045.97,1045.25,1117,6.791,93392.0905,100507401.1580029
1517086701357,1125,1032,1117.02,3.37602,1117.99,0.95,1076.18857421,1045.97,1045.25,1117.02,6.793,93394.52578,100510121.5385841
1517086705002,1125,1032,1119,0.25249,1119.22,1.1897,1076.19106057,1045.97,1045.98,1119,6.982,93399.23975,100515426.8834004
1517086708451,1125,1032,1117.06,0.895,1118.01,0.358,1076.19196762,1045.97,1045.97,1117.06,6.797,93399.99374,100516323.0386954
1517086712104,1125,1032,1117.08,1.845,1118.99,0.95,1076.19277681,1045.97,1045.99,1117.08,6.798,93401.28283,100517785.926082
1517086716149,1125,1032,1117.12,1.074,1118.99,0.95,1076.19434589,1045.98,1045,1117.12,6.801,93401.10489,100517740.9823148
1517086720006,1125,1032,1117.3,6.4,1119.22,0.27622,1076.19716149,1045.98,1045,1119.22,7.002,93407.35701,100524732.4764162
1517086723463,1125,1032,1117.33,5.72065,1119.95,0.95,1076.19846252,1045.99,1045.99,1117.31,6.818,93404.90492,100522215.0664018
1517086727462,1125,1032,1117.38,0.03198,1119.95,0.95,1076.19846252,1045.99,1045.99,1117.31,6.818,93404.90492,100522215.0664018
1517086730436,1125,1032,1117.52,0.03198,1119.95,0.95,1076.19846252,1045.99,1045.99,1117.31,6.818,93404.90492,100522215.0664018
1517086734992,1125,1032,1119,0.31246,1119.95,0.95,1076.19846252,1045.99,1045.99,1117.31,6.818,93404.90492,100522215.0664018
1517086739264,1125,1032,1117.58,0.98197,1119.93,0.19751,1076.19937113,1045.99,1045.99,1117.53,6.839,93406.8816,100524427.2373026
1517086743051,1125,1032,1118.01,5.22064,1119.8,0.25436,1076.19958292,1045.98,1045.99,1117.53,6.84,93406.22677,100523742.2916709
1517086746433,1125,1032,1118.02,0.36,1119.24,0.22,1076.20071383,1045.98,1045.99,1119.99,7.076,93408.66403,100526470.9067253
1517086749892,1125,1032,1118.2,35.1025,1119.99,5.53903,1076.20316569,1045.99,1045.98,1119.99,7.075,93413.63881,100532053.8059447
1517086753728,1125,1032,1118.21,1.75839,1119.98,0.36,1076.20460921,1045.98,1045.99,1118.21,6.905,93413.02925,100531532.6395557
1517086757851,1125,1032,1118.21,1.9708,1119,0.2945,1076.20565522,1045.99,1045.99,1119,6.98,93414.4521,100533161.6290926
1517086761816,1125,1032,1118.3,15.08031,1119,0.29431,1076.20586396,1045.99,1045.99,1118.3,6.913,93414.6665,100533411.8675722
1517086765449,1125,1032,1119,33.83919,1119.99,1.15965,1076.20834215,1045.99,1045.99,1119.99,7.075,93419.96081,100539341.1468938
1517086768892,1125,1032,1119,34.79873,1119.99,1.07037,1076.20898882,1045.99,1045.99,1119,6.98,93419.04781,100538418.9804445
1517086772811,1125,1032,1119.99,7.61011,1120,22.39322,1076.21351537,1045.99,1045.99,1119.99,7.075,93423.17851,100543287.3611201
1517086776336,1125,1032,1119,32.77092,1120,17.81872,1076.22545062,1047.04,1045.99,1120,6.968,93419.02172,100539928.7470637
1517086780365,1125,1032,1120,27.15999,1120.01,8.7341,1076.23497719,1045.98,1047.04,1120,7.077,93438.49836,100561780.1508977
1517086783867,1125,1032,1120,28.94884,1120.01,6.50064,1076.23734967,1047.1,1047.1,1120,6.962,93441.49584,100565227.8317031
1517086787853,1125,1032,1120,16.64156,1120.01,6.47386,1076.24251492,1047,1047.1,1120,6.972,93452.49223,100577545.2635379
1517086791534,1125,1032,1120,12.16956,1120.01,6.62183,1076.24894891,1045.58,1045.98,1120,7.118,93443.08052,100568017.1921735
1517086795406,1125,1032,1120,24.39443,1120.01,6.62183,1076.2502751,1045.58,1045.98,1120,7.118,93445.91307,100571189.6481735
1517086799071,1125,1032,1120,14.61292,1120.01,1.67671,1076.2564417,1046.66,1047.75,1120,7.007,93458.04983,100584828.1581009
1517086803519,1125,1032,1120.01,1.04386,1120.94,8.31244,1076.25744454,1046.99,1046.66,1120.01,6.974,93459.76141,100586763.9825804
1517086807245,1125,1032,1120.01,0.00244,1120.94,8.31244,1076.26138103,1046.99,1045.55,1120.01,6.974,93461.71039,100589229.497317
1517086810707,1125,1032,1120,12.43969,1120.94,8.31244,1076.26207835,1047,1046.99,1120,6.972,93463.09365,100590783.4211814
1517086814472,1125,1032,1120,7.01398,1120.9,0.90132,1076.26488658,1045.98,1047,1120,7.077,93468.02851,100596357.1027624
1517086817703,1125,1032,1120.01,0.00176,1120.9,0.90132,1076.26504655,1046.95,1046.95,1120.01,6.978,93467.6553,100595970.3820506
1517086822638,1125,1032,1120,13.01919,1120.88,7.79819,1076.2694328,1046.99,1047,1120,6.973,93458.48505,100586510.6951461
1517086826350,1125,1032,1120,8.07453,1120.87,30.58,1076.2725206,1046.99,1047,1120,6.973,93465.08459,100593902.1799461
1517086830140,1125,1032,1120,226.62076,1120.86,6.97662,1076.27767807,1046.99,1046.05,1120,6.973,93469.72549,100599379.1202766
1517086833940,1125,1032,1120,215.33037,1120.42,0.21569,1076.2832493,1046.99,1046.99,1120,6.973,93480.08864,100611053.546059
1517086837411,1125,1032,1120,211.89097,1120.42,0.21569,1076.2848577,1046.99,1046.99,1120,6.973,93483.52804,100614905.674059
1517086841310,1125,1032,1120,203.19,1120.42,2.01006,1076.28898647,1046.8,1046.05,1120,6.993,93492.03993,100624452.8991402
1517086845192,1125,1032,1120,182.70244,1120.41,8.83525,1076.29865829,1046.8,1046.8,1120,6.993,93512.36169,100647229.4204562
1517086848506,1125,1032,1120,179.00477,1120.41,58.80517,1076.30123641,1047,1047,1120,6.972,93515.60174,100650957.775991
1517086852345,1125,1032,1120,172.71701,1120.41,58.80517,1076.30464163,1047,1047,1120,6.972,93522.8895,100659120.067191
1517086855738,1125,1032,1117.54,0.00725,1119.54,0.25156,1076.39107866,1046.8,1047,1117.54,6.758,93701.16806,100859101.3599018
1517086859725,1125,1032,1117.31,0.84908,1117.35,0.00237,1076.3967479,1047.01,1047,1117.35,6.718,93713.42406,100872824.8929202
1517086863269,1125,1032,1117.12,2.68547,1119.51,0.02754,1076.40664004,1046.2,1045.99,1120,7.054,93732.83953,100894650.8603457
1517086867338,1125,1032,1117,2.36228,1117.11,2.31234,1076.41044654,1046.2,1045.99,1117,6.767,93741.58598,100904422.4237672
1517086871167,1125,1032,1115.38,0.07238,1117.07,2.33334,1076.41162239,1046.2,1045.99,1115.38,6.613,93744.30327,100907457.572759
1517086874540,1125,1032,1115.39,0.02689,1117.04,4.59666,1076.41174282,1046.2,1045.99,1115.38,6.613,93744.59299,100907780.7206526
1517086878173,1125,1032,1115.39,0.02689,1117,5.58045,1076.41216887,1046.2,1045.99,1117.01,6.768,93745.57678,100908879.6239205
1517086881714,1125,1032,1115.3,0.35052,1116.98,6.93,1076.41351735,1046.2,1046.03,1115.3,6.605,93744.27798,100907607.9919531
1517086886146,1125,1032,1115.38,0.8226,1116.98,6.93,1076.41368724,1046.2,1046.03,1115.38,6.613,93744.6868,100908063.9773015
1517086888303,1125,1032,1115.39,0.02689,1116.98,5.93,1076.41411996,1046.2,1046.03,1116.98,6.765,93745.6868,100909180.9573015
1517086893268,1125,1032,1115.39,7.48,1116.98,5.93,1076.41433518,1047.95,1046.2,1115.38,6.434,93746.11964,100909667.0482208
1517086896742,1125,1032,1115.5,3.76487,1116.97,1.93,1076.41507598,1047.95,1046.2,1115.5,6.446,93747.83749,100911585.6147886
1517086900296,1125,1032,1115.5,3.76487,1116.97,1.92224,1076.41540983,1046.04,1046.03,1116.97,6.781,93746.80155,100910501.8105648
1517086904091,1125,1032,1115.57,0.26755,1116.97,1.92224,1076.41540983,1046.04,1046.03,1116.97,6.781,93746.80155,100910501.8105648
1517086907821,1125,1032,1115.58,4.07,1116.97,12.49637,1076.41572181,1047.88,1046.2,1116.97,6.593,93745.83802,100909493.8985267
1517086911540,1125,1032,1115.58,6,1116.93,1.22665,1076.41602242,1047.88,1046.2,1116.93,6.589,93746.53361,100910270.8238654
1517086915470,1125,1032,1115.58,1.93,1116.93,0.71718,1076.41748797,1047.88,1046.2,1115.58,6.461,93750.02427,100914165.6221327
1517086919176,1125,1032,1115.58,0.35801,1116.93,0.62432,1076.41844426,1045.96,1047.92,1115.58,6.656,93750.8363,100915129.3578462
1517086922725,1125,1032,1115.38,0.33637,1116,0.16033,1076.41955796,1046.2,1045.96,1115.38,6.613,93750.0753,100914414.6132409
1517086926705,1125,1032,1115.39,0.36,1116.89,3.58,1076.4219787,1046.03,1046.03,1116.89,6.774,93746.52058,100910815.1785913
1517086930341,1125,1032,1115.39,4,1116.89,3,1076.4219787,1046.03,1046.03,1116.89,6.774,93746.52058,100910815.1785913
1517086932590,1125,1032,1115.39,3.56417,1116.89,3,1076.42221165,1047.87,1047.87,1115.39,6.444,93746.78641,100911123.1622006
1517086937668,1125,1032,1115.41,0.02689,1116.88,0.36,1076.4228184,1046,1045.99,1115.4,6.635,93747.33768,100911773.4427282
1517086941110,1125,1032,1115.39,3.0992,1116.88,0.36,1076.42315105,1046,1045.99,1115.39,6.634,93748.13788,100912665.9814274
1517086945090,1125,1032,1115.39,3.37,1116.88,0.36,1076.4232498,1046.2,1045.99,1115.39,6.613,93747.83811,100912352.5601111
1517086949122,1125,1032,1115.3,0.29673,1116.8,1.231,1076.43165292,1046.2,1045.99,1116.8,6.748,93768.03954,100934885.7926887
1517086952660,1125,1032,1115.41,0.36,1116.79,0.36,1076.43292074,1045.96,1045.96,1115.4,6.639,93764.41543,100931103.5630731
1517086956397,1125,1032,1115.41,0.15166,1116.37,0.02687,1076.43686977,1046.2,1046.2,1116.39,6.709,93755.59038,100921974.2324779
1517086960078,1125,1032,1115.39,13.8792,1115.41,0.07318,1076.43701972,1046.2,1046.2,1115.41,6.615,93755.94436,100922369.3279624
1517086963582,1125,1032,1115.3,0.14796,1115.38,7.95627,1076.44359361,1045.51,1046.2,1115.38,6.683,93770.45472,100938605.2529368
1517086967762,1125,1032,1115.3,0.11026,1115.38,8.94642,1076.44554696,1045.51,1046.2,1115.3,6.675,93775.15928,100943852.6220536
1517086971785,1125,1032,1115.3,0.11026,1115.38,18.9074,1076.44614862,1045.19,1045.19,1115.3,6.708,93773.34375,100941954.7227336
1517086974869,1125,1032,1115.01,4.59,1115.38,20.09002,1076.446979,1045.19,1045.19,1115.38,6.716,93771.22811,100939755.2158057
1517086978277,1125,1032,1115.01,0.02,1115.3,3.89078,1076.4493862,1045,1046,1115.3,6.727,93770.10187,100938768.6020969
1517086982619,1125,1032,1115,7.72401,1115.3,0.67262,1076.46139687,1045,1045,1115.3,6.727,93797.1911,100969055.3543949
1517086986451,1125,1032,1115,5.69698,1115.29,6.53675,1076.46341712,1045.88,1045.88,1115.29,6.637,93801.02539,100973372.3210644
1517086990420,1125,1032,1115,5.46558,1115.29,6.53675,1076.4640567,1045,1045.88,1115,6.699,93799.58679,100971883.7124644
1517086994255,1125,1032,1115,3.97376,1115.29,5.6557,1076.46780213,1044.44,1045,1115,6.756,93794.21726,100966454.9066171
1517086998012,1125,1032,1115,5.85195,1115.29,5.6557,1076.47288652,1045.88,1044.44,1115,6.609,93789.28486,100961622.1982139
1517087001670,1125,1032,1115,4.2345,1115.28,17.01,1076.47445918,1045.88,1044.44,1115,6.609,93793.10592,100965882.9701139
1517087005354,1125,1032,1115,1.05916,1115.28,16.01625,1076.47617453,1045.88,1044.44,1115,6.609,93797.27501,100970531.7837139
1517087008564,1125,1032,1114.04,2.38197,1114.05,0.0004,1076.47690305,1044.47,1045.88,1114.05,6.662,93798.35627,100971764.0688651
1517087013060,1125,1032,1114,15.81015,1114.7,9.38937,1076.47776045,1044.45,1044.44,1114.7,6.726,93799.06595,100972608.4459471
1517087016830,1125,1032,1114,13.16336,1114.7,15.46338,1076.48267546,1044.43,1044.43,1114,6.661,93811.00902,100985925.9779131
1517087020192,1125,1032,1114,13.16336,1114.99,16.20143,1076.49547923,1044.01,1044.01,1114.99,6.799,93837.76251,101015927.1227142
1517087023864,1125,1032,1114,13.16336,1114.99,5.94044,1076.4996883,1044.45,1044.44,1114.99,6.754,93848.02283,101027367.3242311
1517087027416,1125,1032,1114,12.51879,1114.99,5.61044,1076.50229635,1045.87,1044,1114,6.514,93842.6637,101021842.9683981
1517087031665,1125,1032,1114,10.77463,1114.99,11.60632,1076.50573384,1045.85,1043.04,1114,6.516,93836.67177,101015715.2048793
1517087034920,1125,1032,1114,0.96955,1114.98,0.1125,1076.51305541,1043.35,1045.85,1114,6.771,93851.04621,101031876.5093792
1517087039027,1125,1032,1114,0.90218,1114.8,0.20049,1076.51314606,1043.36,1043.35,1114,6.77,93851.27314,101032129.3101057
1517087042421,1125,1032,1114,1.16211,1114.8,0.20049,1076.515129,1043,1043,1114,6.807,93845.69665,101026312.2354434
1517087045777,1125,1032,1114,1.16211,1114.8,0.20049,1076.51617912,1045.77,1043,1114,6.524,93842.74575,101023234.0925434
1517087049421,1125,1032,1114,1.16211,1114.8,1.10042,1076.51769634,1043,1043,1114,6.807,93838.5674,101018878.405444
1517087053451,1125,1032,1114.99,2.37994,1115,7.71632,1076.52101367,1045,1043,1115,6.699,93843.13056,101024102.0361546
1517087057183,1125,1032,1114.99,2.09125,1115.36,0.21641,1076.52567721,1044.5,1044,1115.38,6.786,93854.37623,101036645.9299391
1517087060880,1125,1032,1115.01,5.162,1115.36,0.21641,1076.52842571,1041.12,1044.49,1115.01,7.097,93848.44605,101030519.8815863
1517087064478,1125,1032,1115,2.19174,1115.35,1,1076.5307075,1044,1041.12,1115,6.801,93853.90452,101036610.2342455
1517087068244,1125,1032,1114.99,1.91225,1115,0.41926,1076.53243517,1043.97,1043,1114.99,6.803,93854.1465,101037032.8823071
1517087071457,1125,1032,1114.99,1.0824,1115,0.14765,1076.535001,1043.25,1043.25,1115,6.878,93850.60633,101033462.5793597
1517087075608,1125,1032,1114.99,0.82886,1115,0.74272,1076.54173702,1043.34,1043.35,1114.99,6.867,93833.16567,101015319.1604639
1517087079819,1125,1032,1114.99,0.33338,1115,0.86992,1076.54241086,1043.33,1043.34,1114.99,6.868,93832.33032,101014483.0993286
1517087083486,1125,1032,1114.7,0.22965,1114.99,0.18422,1076.54347184,1043.33,1043.33,1114.99,6.868,93832.49648,101014761.5322542
1517087086874,1125,1032,1114.7,0.22965,1115.01,5.58436,1076.54421342,1043.33,1043.33,1115.01,6.87,93831.80554,101014087.2889715
1517087090379,1125,1032,1114.32,4.03,1114.7,0.3262,1076.54543132,1042,1042,1114.7,6.977,93829.96606,101012221.2824339
1517087094220,1125,1032,1114.99,1.10125,1115,22.60948,1076.54880958,1043,1043.04,1114.7,6.874,93821.45474,101003375.4131879
1517087098001,1125,1032,1114.32,4.21627,1114.99,2.89875,1076.54932951,1042.99,1043,1114.99,6.903,93822.36379,101004402.8313254
1517087101744,1125,1032,1114.33,7.74895,1114.7,0.6118,1076.55300017,1042.01,1042.99,1114.33,6.94,93828.06072,101010880.2681871
1517087105134,1125,1032,1114.32,2.96621,1114.7,0.0008,1076.55727365,1042.01,1042.99,1114.32,6.939,93838.67073,101022703.5241998
1517087109033,1125,1032,1114.33,41.2208,1115,13.69424,1076.56187937,1042,1042,1115,7.006,93847.19156,101032308.9197079
1517087112018,1125,1032,1114.33,38.99273,1115,12.83445,1076.56329117,1042,1042.98,1115,7.006,93849.82387,101035275.261311
1517087116831,1125,1032,1114.33,38.99273,1115,17.22321,1076.564383,1042,1041,1115,7.006,93846.86809,101032195.6422093
1517087120712,1125,1032,1114.32,0.18627,1115,18.96002,1076.56853923,1042.96,1041.01,1114.33,6.843,93835.5906,101020444.6999052
1517087124030,1125,1032,1114.99,0.87071,1115,18.80059,1076.56897513,1042,1042.96,1115,7.006,93836.65427,101021630.7174872
