1517086647925,0.097001,0.094316,0.09684,0.2,0.0969,0.049,0.09569069,0.095061,0.095,0.096813,1.843,132377.528,12667.29717888
1517086652949,0.097001,0.094316,0.096811,5.457,0.096902,13.648,0.09569076,0.095,0.09506,0.096902,2.002,132383.452,12667.87291467
1517086656380,0.097001,0.094316,0.096812,0.001,0.096902,13.786,0.09569081,0.095061,0.095,0.096812,1.842,132388.568,12668.36948934
1517086660381,0.097001,0.094316,0.096811,0.382,0.096901,0.931,0.09569082,0.095,0.095,0.096811,1.906,132388.098,12668.32586499
1517086663955,0.097001,0.094316,0.096813,1.096,0.0969,2.165,0.09569087,0.095,0.095,0.096813,1.908,132384.918,12668.02753258
1517086668149,0.097001,0.094316,0.096811,0.454,0.0969,3.089,0.09569088,0.095046,0.095,0.096811,1.857,132386.296,12668.16121204
1517086671525,0.097001,0.094316,0.096811,0.833,0.0969,0.662,0.09569091,0.095062,0.09506,0.0969,1.933,132389.046,12668.42803343
1517086675927,0.097001,0.094316,0.096811,0.794,0.0969,0.347,0.09569092,0.095002,0.095001,0.096811,1.904,132388.166,12668.34516226
1517086679800,0.097001,0.094316,0.09684,0.4,0.0969,0.358,0.09569093,0.095,0.095002,0.096811,1.906,132387.537,12668.28692109
1517086683223,0.097001,0.094316,0.096811,21.556,0.0969,0.001,0.09569097,0.095063,0.095063,0.096811,1.839,132390.334,12668.55901938
1517086686755,0.097001,0.094316,0.096811,19.903,0.096901,8.227,0.09569104,0.095063,0.095,0.096901,1.933,132398.643,12669.36416577
1517086690388,0.097001,0.094316,0.09684,0.012,0.096901,7.911,0.09569106,0.095,0.095,0.096901,2.001,132396.461,12669.1575599
1517086695624,0.097001,0.094316,0.09684,0.062,0.0969,2.011,0.09569109,0.095001,0.095001,0.09684,1.936,132399.181,12669.42253796
1517086699297,0.097001,0.094316,0.09684,0.001,0.0969,2.788,0.09569112,0.095001,0.095062,0.0969,1.999,132396.345,12669.1539208
1517086702654,0.097001,0.094316,0.096811,4.07,0.096813,0.001,0.09569121,0.095062,0.095063,0.096813,1.842,132397.81,12669.30618685
1517086706501,0.097001,0.094316,0.096811,1.474,0.0969,0.328,0.09569146,0.095063,0.095063,0.0969,1.932,132381.714,12667.79984838
1517086710341,0.097001,0.094316,0.09681,0.004,0.096879,0.607,0.09569149,0.095063,0.095063,0.096879,1.91,132385.376,12668.15453098
1517086714398,0.097001,0.094316,0.096806,1.706,0.096901,3.779,0.09569155,0.095002,0.095002,0.096805,1.898,132389.927,12668.59704354
1517086718822,0.097001,0.094316,0.096806,1.233,0.0969,4.365,0.0956916,0.09505,0.09505,0.0969,1.946,132395.098,12669.09914958
1517086722311,0.097001,0.094316,0.096806,0.011,0.09689,6.118,0.09569169,0.094999,0.095047,0.09689,1.991,132399.293,12669.5123154
1517086726077,0.097001,0.094316,0.096811,0.428,0.09689,6.018,0.09569174,0.095001,0.094999,0.096811,1.905,132400.39,12669.62425621
1517086730079,0.097001,0.094316,0.096807,4.75,0.096811,0.157,0.09569179,0.09506,0.09506,0.096811,1.842,132399.419,12669.53783397
1517086733539,0.097001,0.094316,0.09684,0.571,0.0969,23.329,0.09569188,0.095001,0.09505,0.096807,1.901,132392.953,12668.9300788
1517086737492,0.097001,0.094316,0.096805,10.775,0.096807,0.008,0.09569394,0.095064,0.095064,0.096805,1.831,131973.574,12629.07061495
1517086741313,0.097001,0.094316,0.096805,0.088,0.0969,38.282,0.09569401,0.095064,0.095064,0.096805,1.831,131977.555,12629.46191446
1517086745048,0.097001,0.094316,0.096805,0.006,0.096897,0.269,0.09569404,0.095002,0.095002,0.096805,1.898,131979.371,12629.63875964
1517086748368,0.097001,0.094316,0.096805,2.714,0.096896,7.529,0.09569407,0.095063,0.095002,0.096805,1.832,131982.556,12629.94809574
1517086752501,0.097001,0.094316,0.0968,0.001,0.096894,7.73,0.09569414,0.095063,0.095063,0.096894,1.926,131990.371,12630.70505243
1517086756249,0.097001,0.094316,0.0968,0.001,0.096891,3.582,0.09569417,0.09505,0.09505,0.096893,1.939,131989.978,12630.67097824
1517086760412,0.097001,0.094316,0.096789,0.598,0.096889,1.843,0.09569427,0.09506,0.095002,0.096889,1.924,131984.425,12630.15264357
1517086763920,0.097001,0.094316,0.096792,0.001,0.0969,15.432,0.09569437,0.095001,0.095001,0.096887,1.985,131992.125,12630.90331817
1517086767565,0.097001,0.094316,0.096787,0.432,0.096893,0.644,0.09569448,0.094991,0.094991,0.09679,1.894,132000.3,12631.69991362
1517086771303,0.097001,0.094316,0.096789,2.806,0.096891,5.097,0.09569461,0.095056,0.09499,0.096891,1.93,132010.652,12632.70820214
1517086775068,0.097001,0.094316,0.096794,0.537,0.096892,9.653,0.09569472,0.094952,0.095053,0.096892,2.043,132016.932,12633.32280425
1517086779095,0.097001,0.094316,0.096752,0.581,0.096888,0.955,0.09569486,0.095049,0.095049,0.096749,1.789,132030.692,12634.65887325
1517086783007,0.097001,0.094316,0.096757,9.494,0.096887,0.002,0.09569491,0.094975,0.09505,0.096756,1.875,132035.659,12635.14002397
1517086786711,0.097001,0.094316,0.096891,0.001,0.096896,0.001,0.09569495,0.095035,0.094952,0.096891,1.953,132039.019,12635.46700031
1517086790277,0.097001,0.094316,0.09682,0.001,0.096899,2.692,0.09569501,0.095047,0.095048,0.09682,1.865,132041.883,12635.74952606
1517086793740,0.097001,0.094316,0.09682,0.001,0.096899,2.572,0.09569502,0.095031,0.094953,0.096899,1.966,132040.904,12635.65674844
1517086797519,0.097001,0.094316,0.09682,0.001,0.096899,0.001,0.09569507,0.09504,0.09504,0.096898,1.955,132043.241,12635.88776604
1517086801858,0.097001,0.094316,0.096804,0.1,0.0969,9.657,0.09569516,0.094951,0.095046,0.0969,2.053,132051.361,12636.67640839
1517086805457,0.097001,0.094316,0.096806,8.381,0.0969,9.504,0.09569517,0.09495,0.09495,0.096806,1.955,132051.318,12636.67360399
1517086808965,0.097001,0.094316,0.096806,8.244,0.0969,4.555,0.09569522,0.09495,0.095029,0.0969,2.054,132055.873,12637.11599075
1517086812268,0.097001,0.094316,0.096807,3.922,0.096901,1.412,0.09569528,0.094939,0.09495,0.096901,2.067,132060.582,12637.57392314
1517086816977,0.097001,0.094316,0.096805,4.059,0.096903,5.353,0.09569537,0.09494,0.094939,0.096903,2.068,132071.502,12638.63151261
1517086821144,0.097001,0.094316,0.096807,3.082,0.096903,0.189,0.09569549,0.094928,0.094927,0.096807,1.979,132071.16,12638.61418641
1517086825215,0.097001,0.094316,0.09681,0.1,0.096909,6.085,0.0956956,0.094932,0.095026,0.096908,2.081,132074.602,12638.95806323
1517086828834,0.097001,0.094316,0.096812,0.325,0.096939,2.459,0.09569574,0.094932,0.094932,0.096939,2.114,132089.602,12640.41242472
1517086832103,0.097001,0.094316,0.096814,5.251,0.096939,0.001,0.09569584,0.095028,0.095028,0.096939,2.011,132099.309,12641.35409039
1517086836033,0.097001,0.094316,0.096829,2.062,0.096987,0.7,0.09569591,0.095027,0.094939,0.096988,2.064,132106.931,12642.09326882
1517086839628,0.097001,0.094316,0.096848,2.064,0.096988,9.254,0.09569602,0.094928,0.09503,0.096843,2.017,132101.806,12641.61691732
1517086843653,0.097001,0.094316,0.096849,2.9,0.096971,0.848,0.09569635,0.095026,0.095026,0.096848,1.917,132126.022,12643.9777217
1517086847332,0.097001,0.094316,0.096853,7.411,0.096973,1.5,0.09569646,0.095,0.095,0.096853,1.951,132122.425,12643.6484185
1517086850914,0.097001,0.094316,0.096852,1.961,0.096959,1,0.09569667,0.09504,0.095,0.0969,1.957,132119.983,12643.44275939
1517086854245,0.097001,0.094316,0.096855,3.341,0.096999,13.733,0.09569703,0.095,0.095,0.096999,2.104,132129.496,12644.40020443
1517086858148,0.097001,0.094316,0.096857,7.959,0.096996,0.177,0.0956971,0.095038,0.095039,0.096857,1.914,132119.674,12643.46959336
1517086861934,0.097001,0.094316,0.09686,2.332,0.096992,0.001,0.09569715,0.095,0.095,0.09686,1.958,132121.847,12643.68483146
1517086865881,0.097001,0.094316,0.096863,9.141,0.09699,0.001,0.0956972,0.095001,0.095001,0.096863,1.96,132123.796,12643.8779012
1517086869493,0.097001,0.094316,0.096865,0.446,0.096991,0.001,0.09569725,0.095001,0.095045,0.096865,1.962,132123.148,12643.82140131
1517086873274,0.097001,0.094316,0.096869,0.208,0.096999,12.335,0.09569732,0.095045,0.095045,0.096999,2.056,132129.54,12644.44310171
1517086876964,0.097001,0.094316,0.096998,0.076,0.096999,8.148,0.09569739,0.095045,0.095,0.096872,1.922,132134.008,12644.87938887
1517086880508,0.097001,0.094316,0.096877,0.414,0.096993,3.297,0.09569749,0.095002,0.095059,0.096877,1.974,132133.941,12644.88706824
1517086884295,0.097001,0.094316,0.096881,0.836,0.096994,0.059,0.09569759,0.095059,0.095003,0.096881,1.917,132142.194,12645.68992814
1517086888358,0.097001,0.094316,0.096878,0.252,0.09699,3.596,0.09569763,0.095,0.095003,0.096878,1.977,132141.33,12645.61192281
1517086891883,0.097001,0.094316,0.096881,5.851,0.096986,4.682,0.0956977,0.095,0.095,0.096881,1.98,132137.988,12645.30212953
1517086895544,0.097001,0.094316,0.096882,0.044,0.096983,3.097,0.0956978,0.095003,0.095003,0.096983,2.084,132147.896,12646.26263161
1517086899112,0.097001,0.094316,0.096885,0.486,0.096983,7.374,0.09569784,0.095059,0.095059,0.096885,1.921,132150.445,12646.512728
1517086903098,0.097001,0.094316,0.096886,11.289,0.096981,4.04,0.0956979,0.095,0.095,0.096886,1.985,132153.238,12646.78683354
1517086907199,0.097001,0.094316,0.096888,0.472,0.09698,8.19,0.09569798,0.095,0.095,0.09698,2.084,132158.436,12647.2954823
1517086910759,0.097001,0.094316,0.096888,0.001,0.096978,4.56,0.09569801,0.095,0.095063,0.096888,1.987,132159.97,12647.44555656
1517086914352,0.097001,0.094316,0.096887,0.003,0.096976,5.723,0.09569802,0.095063,0.095028,0.096887,1.919,132161.362,12647.58103978
1517086918103,0.097001,0.094316,0.096886,1.174,0.096976,12.593,0.09569812,0.095064,0.095064,0.096976,2.011,132149.108,12646.42085757
1517086921609,0.097001,0.094316,0.096886,0.001,0.096975,3.374,0.09569815,0.095064,0.095002,0.096975,2.01,132147.315,12646.25301021
1517086925130,0.097001,0.094316,0.096881,0.001,0.096974,0.011,0.09569821,0.095002,0.095002,0.096881,1.978,132148.096,12646.33623191
1517086928675,0.097001,0.094316,0.096882,3.206,0.096975,2.014,0.09569827,0.095002,0.095002,0.096975,2.077,132146.854,12646.22512674
1517086932558,0.097001,0.094316,0.096882,0.884,0.096973,7.23,0.09569835,0.095063,0.095002,0.096882,1.913,132148.184,12646.36287264
1517086936074,0.097001,0.094316,0.096878,0.1,0.096969,0.026,0.09569841,0.095002,0.095064,0.096969,2.07,132145.113,12646.077389
1517086939727,0.097001,0.094316,0.096877,0.001,0.096975,4.554,0.09569846,0.095064,0.095064,0.096877,1.907,132144.465,12646.02184782
1517086943319,0.097001,0.094316,0.096886,0.052,0.096975,0.04,0.09569851,0.095064,0.095064,0.096886,1.917,132145.524,12646.12986466
1517086947146,0.097001,0.094316,0.096871,9.301,0.096974,2.95,0.09569854,0.095064,0.095064,0.096871,1.901,132147.576,12646.33070858
1517086950724,0.097001,0.094316,0.096872,2.655,0.096969,2.95,0.0956986,0.095064,0.095064,0.096972,2.007,132151.84,12646.7466598
1517086954694,0.097001,0.094316,0.096876,3.585,0.096971,5.167,0.09569887,0.095004,0.095004,0.096971,2.07,132177.761,12649.26184033
1517086958299,0.097001,0.094316,0.096876,0.001,0.09697,9.945,0.09569895,0.095063,0.095004,0.096876,1.907,132173.064,12648.8236106
1517086961854,0.097001,0.094316,0.09697,0.248,0.096971,5.042,0.09569896,0.095063,0.095004,0.096947,1.982,132173.657,12648.88107699
1517086965450,0.097001,0.094316,0.096879,0.383,0.09697,6.613,0.09569905,0.095004,0.095051,0.096879,1.974,132181.478,12649.64179524
1517086969693,0.097001,0.094316,0.09688,3.76,0.096969,2.381,0.09569912,0.095004,0.095004,0.096969,2.068,132186.24,12650.10706912
1517086973279,0.097001,0.094316,0.09688,0.011,0.096969,1.96,0.09569916,0.095004,0.095004,0.096969,2.068,132179.754,12649.49157546
1517086976737,0.097001,0.094316,0.09688,0.011,0.096968,4.664,0.09569989,0.095004,0.095064,0.096968,2.067,132079.576,12640.00110204
1517086980479,0.097001,0.094316,0.096884,0.001,0.096983,0.1,0.09569998,0.09505,0.095064,0.096884,1.93,132074.142,12639.49238749
1517086984211,0.097001,0.094316,0.096873,0.1,0.096978,0.101,0.09570011,0.095005,0.095005,0.096872,1.965,132079.162,12639.99058998
1517086987562,0.097001,0.094316,0.096873,5.005,0.096973,0.101,0.09570019,0.095063,0.095005,0.096873,1.904,132083.327,12640.3989986
1517086992415,0.097001,0.094316,0.096875,1.249,0.0969,0.011,0.09570028,0.095063,0.095005,0.096875,1.906,132088.052,12640.86317609
1517086996051,0.097001,0.094316,0.096878,1.249,0.096975,4.485,0.09570034,0.095064,0.095064,0.096876,1.906,132079.887,12640.09000794
1517086999524,0.097001,0.094316,0.09688,3.451,0.096973,5.489,0.09570042,0.095064,0.095007,0.096973,2.008,132069.76,12639.13187621
1517087003143,0.097001,0.094316,0.09688,9.002,0.096972,0.025,0.09570056,0.095064,0.095008,0.096974,2.009,132077.284,12639.86959224
1517087007279,0.097001,0.094316,0.096876,0.011,0.096972,0.449,0.09570067,0.095064,0.095008,0.096876,1.906,132089.039,12641.00913629
1517087011798,0.097001,0.094316,0.09688,0.001,0.09697,0.109,0.09570072,0.095009,0.095009,0.09688,1.969,132093.811,12641.47334787
1517087015345,0.097001,0.094316,0.096882,24.37,0.096969,4.978,0.09570093,0.09503,0.095009,0.096882,1.949,132112.706,12643.30833256
1517087018853,0.097001,0.094316,0.096883,0.68,0.096969,0.011,0.09570108,0.09502,0.095009,0.096882,1.96,132125.136,12644.51848049
1517087022369,0.097001,0.094316,0.096884,0.003,0.096969,0.011,0.09570142,0.09503,0.095064,0.096884,1.951,132141.336,12646.11387881
1517087026123,0.097001,0.094316,0.096874,8.326,0.096972,0.385,0.09570149,0.09501,0.095063,0.096874,1.962,132129.978,12645.03626229
1517087030156,0.097001,0.094316,0.096874,8.237,0.096972,0.385,0.09570153,0.09505,0.09501,0.096971,2.021,132125.401,12644.60361849
1517087034204,0.097001,0.094316,0.096874,7.174,0.096971,4.944,0.09570156,0.09501,0.09501,0.096971,2.064,132127.536,12644.81069429
1517087037640,0.097001,0.094316,0.096874,22.594,0.096972,0.385,0.09570165,0.095064,0.095064,0.09697,2.005,132129.593,12645.02007826
1517087041476,0.097001,0.094316,0.096877,0.1,0.096976,0.798,0.09570174,0.095011,0.095011,0.096974,2.066,132134.358,12645.488353
1517087044841,0.097001,0.094316,0.096878,4.084,0.096973,1.296,0.09570181,0.095012,0.095064,0.096878,1.964,132133.778,12645.44156382
1517087048871,0.097001,0.094316,0.096881,1.72,0.096976,0.005,0.09570184,0.095012,0.095013,0.096881,1.967,132131.66,12645.24273583
1517087052880,0.097001,0.094316,0.09698,1.272,0.096998,0.627,0.09570204,0.095063,0.095063,0.09698,2.017,132135.97,12645.6819044
1517087056349,0.097001,0.094316,0.096883,7.372,0.096992,0.105,0.09570212,0.09505,0.095012,0.096883,1.928,132140.348,12646.11085406
1517087060025,0.097001,0.094316,0.096885,0.111,0.096986,1.9,0.09570218,0.095012,0.095012,0.096884,1.97,132139.383,12646.02737247
1517087063470,0.097001,0.094316,0.096888,3.014,0.096984,4.22,0.0957022,0.095012,0.095012,0.096887,1.973,132137.527,12645.85170185
1517087067583,0.097001,0.094316,0.096887,0.174,0.096982,2.294,0.09570226,0.095,0.095,0.096887,1.986,132134.678,12645.58758578
1517087071545,0.097001,0.094316,0.096888,0.068,0.096979,5.889,0.09570229,0.095,0.095,0.096888,1.987,132129.013,12645.04960356
1517087075241,0.097001,0.094316,0.096887,1.036,0.096969,0.074,0.09570235,0.09501,0.095,0.096886,1.975,132119.077,12644.10589874
1517087078706,0.097001,0.094316,0.096887,0.507,0.096969,17.669,0.09570236,0.09506,0.09506,0.096887,1.922,132118.876,12644.08778371
1517087082280,0.097001,0.094316,0.096886,0.001,0.096969,22.796,0.0957024,0.095062,0.095063,0.096969,2.006,132120.108,12644.21171775
1517087086155,0.097001,0.094316,0.096882,3.316,0.096969,18.104,0.09570257,0.095,0.09505,0.096882,1.981,132132.416,12645.41212912
1517087090160,0.097001,0.094316,0.096882,0.001,0.096887,0.016,0.09570261,0.095,0.095062,0.096969,2.073,132135.395,12645.70270698
1517087093844,0.097001,0.094316,0.096881,0.006,0.096968,14.488,0.09570269,0.095063,0.095063,0.096968,2.004,132125.474,12644.76305656
1517087097370,0.097001,0.094316,0.096881,0.006,0.09696,8.578,0.09570273,0.095062,0.095001,0.09696,1.997,132119.57,12644.20303447
1517087101350,0.097001,0.094316,0.096874,0.001,0.096985,3.585,0.09570277,0.095001,0.095001,0.096874,1.972,132123.907,12644.62409776
1517087104774,0.097001,0.094316,0.096851,3.222,0.096949,0.078,0.0957029,0.095002,0.095002,0.096851,1.946,132134.604,12645.66429647
1517087108661,0.097001,0.094316,0.096817,2.469,0.096944,7.26,0.09570294,0.095001,0.095001,0.096817,1.912,132136.006,12645.80389332
1517087112174,0.097001,0.094316,0.096818,0.001,0.096941,0.223,0.09570297,0.095001,0.095001,0.096818,1.913,132130.605,12645.2911982
1517087116496,0.097001,0.094316,0.096806,0.679,0.096937,5.617,0.09570306,0.095,0.095,0.096806,1.901,132134.731,12645.69856436
1517087120209,0.097001,0.094316,0.096807,2.566,0.0969,0.444,0.09570314,0.095002,0.095002,0.0969,1.998,132126.354,12644.9072223
1517087123759,0.097001,0.094316,0.09685,0.391,0.0969,0.001,0.09570317,0.095011,0.095011,0.09685,1.936,132127.274,12644.99955958
