1517086649888,0.02939,0.028184,0.028747,0.7,0.028792,1.892,0.02880038,0.028912,0.02891,0.028747,-0.571,15032.938,432.9543377
1517086654860,0.02939,0.028184,0.028747,0.7,0.02879,1.892,0.02880031,0.02891,0.02891,0.028747,-0.564,15023.049,432.66844638
1517086658809,0.02939,0.028184,0.028741,11.93,0.028747,11.999,0.02880024,0.028962,0.028865,0.028747,-0.742,15015.295,432.44412602
1517086661796,0.02939,0.028184,0.02874,0.585,0.028745,1.892,0.02880015,0.028904,0.0289,0.028747,-0.543,15007.593,432.22087177
1517086665781,0.02939,0.028184,0.02874,0.585,0.028743,1.892,0.02880009,0.028903,0.028903,0.028747,-0.54,14999.801,431.99565626
1517086670339,0.02939,0.028184,0.02874,0.585,0.028741,11.742,0.02880008,0.02894,0.028939,0.028747,-0.667,14998.05,431.94499083
1517086675567,0.02939,0.028184,0.028735,0.38,0.02874,11.782,0.02879999,0.028944,0.029045,0.02874,-0.705,14995.307,431.8646972
1517086679351,0.02939,0.028184,0.028735,0.38,0.02874,11.782,0.02879998,0.028947,0.029045,0.02874,-0.715,14994.277,431.83486326
1517086682593,0.02939,0.028184,0.028735,0.38,0.02874,1.862,0.02879994,0.02895,0.02895,0.02874,-0.725,14991.972,431.76793066
1517086686379,0.02939,0.028184,0.028713,19.601,0.028746,3.463,0.02879992,0.028954,0.028973,0.028713,-0.832,14991.377,431.7504267
1517086690118,0.02939,0.028184,0.028714,0.7,0.028746,15.743,0.02879992,0.028954,0.028973,0.028713,-0.832,14991.377,431.7504267
1517086694401,0.02939,0.028184,0.028714,0.7,0.028746,16.093,0.02879987,0.028953,0.028953,0.028713,-0.829,14987.161,431.62835943
1517086697434,0.02939,0.028184,0.028714,0.627,0.028746,16.093,0.02879987,0.029044,0.028953,0.028714,-1.136,14987.062,431.62547564
1517086701673,0.02939,0.028184,0.028714,0.627,0.028746,3.463,0.02879987,0.029043,0.028973,0.028714,-1.133,14986.646,431.61339846
1517086706087,0.02939,0.028184,0.028714,0.627,0.028746,3.463,0.02879981,0.028955,0.029043,0.028714,-0.832,14983.103,431.51051406
1517086707643,0.02939,0.028184,0.028714,0.627,0.028746,3.463,0.02879976,0.028957,0.028955,0.028714,-0.839,14978.235,431.36956112
1517086711799,0.02939,0.028184,0.028714,0.627,0.028746,2.463,0.02879974,0.028959,0.028957,0.028746,-0.736,14977.846,431.35808586
1517086717399,0.02939,0.028184,0.028714,0.627,0.028746,2.463,0.0287997,0.028972,0.029071,0.028746,-0.78,14975.206,431.28138931
1517086719966,0.02939,0.028184,0.028714,0.627,0.028746,2.463,0.0287997,0.028972,0.029071,0.028746,-0.78,14975.206,431.28138931
1517086723773,0.02939,0.028184,0.028714,0.627,0.028746,2.463,0.02879969,0.028978,0.028972,0.028746,-0.801,14974.826,431.27037995
1517086727222,0.02939,0.028184,0.028714,0.627,0.028746,2.463,0.02879966,0.029045,0.028978,0.028746,-1.029,14972.527,431.20375953
1517086731896,0.02939,0.028184,0.028715,22.55,0.028746,2.463,0.02879966,0.028983,0.029045,0.028746,-0.818,14972.278,431.19652733
1517086736502,0.02939,0.028184,0.028716,23.99,0.028746,2.463,0.02879965,0.029071,0.028983,0.028746,-1.118,14971.178,431.16464603
1517086737674,0.02939,0.028184,0.028716,23.99,0.028746,2.463,0.02879965,0.029071,0.028983,0.028746,-1.118,14971.178,431.16464603
1517086744095,0.02939,0.028184,0.028716,23.99,0.028746,1.463,0.0287995,0.029001,0.029002,0.028746,-0.879,14964.107,430.95873108
1517086747742,0.02939,0.028184,0.028716,0.7,0.028746,1.463,0.02879903,0.0291,0.0291,0.028746,-1.216,14939.851,430.25314687
1517086751775,0.02939,0.028184,0.028716,0.7,0.028746,1.463,0.02879874,0.02917,0.029166,0.028746,-1.454,14926.494,429.86426817
1517086757349,0.02939,0.028184,0.028716,0.7,0.028746,1.463,0.02879874,0.02917,0.029166,0.028746,-1.454,14926.494,429.86426817
1517086762199,0.02939,0.028184,0.028716,0.7,0.028746,1.463,0.02879863,0.02917,0.029199,0.028746,-1.454,14922.194,429.73877923
1517086766381,0.02939,0.028184,0.028717,26.86,0.028746,1.463,0.02879843,0.02903,0.029026,0.028746,-0.978,14913.158,429.47552348
1517086770185,0.02939,0.028184,0.028718,28.44,0.028746,1.463,0.02879832,0.029038,0.029027,0.028746,-1.006,14906.234,429.27452659
1517086773999,0.02939,0.028184,0.028718,0.7,0.028746,0.463,0.02879829,0.029028,0.029029,0.028746,-0.971,14905.241,429.24541612
1517086782432,0.02939,0.028184,0.028718,0.7,0.028746,0.561,0.02879797,0.029041,0.029033,0.028746,-1.016,14885.785,428.68042933
1517086786326,0.02939,0.028184,0.028718,0.7,0.028746,0.561,0.02879787,0.029035,0.029035,0.028746,-0.995,14879.707,428.50390523
1517086789248,0.02939,0.028184,0.028718,0.7,0.028746,0.561,0.02879773,0.029036,0.029042,0.028746,-0.999,14871.148,428.25533291
1517086791868,0.02939,0.028184,0.028718,0.7,0.028746,0.561,0.02879752,0.029037,0.029037,0.028746,-1.002,14858.425,427.88585399
1517086801365,0.02939,0.028184,0.028718,0.7,0.028747,11.56,0.02879749,0.029036,0.029036,0.028747,-0.995,14857.321,427.8535036
1517086804327,0.02939,0.028184,0.028718,0.7,0.028746,16.895,0.02879749,0.029036,0.029036,0.028747,-0.995,14857.321,427.8535036
1517086807367,0.02939,0.028184,0.028718,0.7,0.028746,16.895,0.02879746,0.029043,0.02918,0.028747,-1.019,14856.032,427.8159322
1517086811003,0.02939,0.028184,0.028718,0.7,0.028746,16.895,0.02879744,0.029038,0.029038,0.028747,-1.002,14855.159,427.79057944
1517086816184,0.02939,0.028184,0.028718,0.7,0.028746,16.895,0.02879738,0.029038,0.029038,0.028747,-1.002,14851.232,427.67654723
1517086819589,0.02939,0.028184,0.028718,0.7,0.028746,3.355,0.02879735,0.029038,0.029038,0.028747,-1.002,14849.259,427.61925526
1517086824070,0.02939,0.028184,0.028718,0.7,0.028747,12.033,0.02879727,0.029146,0.029038,0.028747,-1.369,14844.656,427.48559337
1517086825821,0.02939,0.028184,0.028718,0.7,0.028746,13.55,0.02879727,0.029146,0.029038,0.028747,-1.369,14844.656,427.48559337
1517086829795,0.02939,0.028184,0.028718,0.7,0.028747,12.033,0.02879727,0.029146,0.029038,0.028746,-1.372,14845.095,427.49821286
1517086834991,0.02939,0.028184,0.028718,0.7,0.028747,12.013,0.02879725,0.029144,0.029146,0.028747,-1.362,14844.115,427.4696418
1517086837614,0.02939,0.028184,0.028718,0.7,0.028747,12.013,0.02879725,0.029144,0.029146,0.028747,-1.362,14844.115,427.4696418
1517086839681,0.02939,0.028184,0.028718,0.7,0.028747,12.013,0.02879725,0.029144,0.029146,0.028747,-1.362,14844.115,427.4696418
1517086844271,0.02939,0.028184,0.028718,0.7,0.028747,12.013,0.02879723,0.029141,0.029144,0.028747,-1.352,14843.566,427.45364175
1517086849066,0.02939,0.028184,0.028718,0.7,0.028747,12.013,0.02879723,0.029141,0.029144,0.028747,-1.352,14843.566,427.45364175
1517086853660,0.02939,0.028184,0.028718,0.7,0.028747,12.013,0.02879719,0.029141,0.029141,0.028747,-1.352,14841.672,427.3984487
1517086857380,0.02939,0.028184,0.028712,0.222,0.028747,12.013,0.02879718,0.029141,0.029141,0.028712,-1.472,14842.672,427.4271649
1517086858872,0.02939,0.028184,0.028712,0.222,0.028747,12.013,0.02879718,0.029142,0.029141,0.028712,-1.476,14842.37,427.41836432
1517086864399,0.02939,0.028184,0.028713,20.4,0.028747,12.013,0.02879718,0.029142,0.029141,0.028712,-1.476,14842.37,427.41836432
1517086869079,0.02939,0.028184,0.028713,20.4,0.028747,12.013,0.02879714,0.029141,0.029142,0.028712,-1.472,14840.826,427.37336926
1517086872780,0.02939,0.028184,0.028713,20.4,0.028747,12.013,0.02879709,0.029141,0.029141,0.028712,-1.472,14838.443,427.30392626
1517086876271,0.02939,0.028184,0.028713,20.4,0.028747,12.013,0.02879709,0.029141,0.029141,0.028712,-1.472,14838.443,427.30392626
1517086879724,0.02939,0.028184,0.028713,21.65,0.028747,11.975,0.02879708,0.029142,0.029141,0.028747,-1.355,14838.249,427.29825793
1517086883035,0.02939,0.028184,0.028713,21.65,0.028747,12.975,0.02879708,0.029142,0.029141,0.028747,-1.355,14838.249,427.29825793
1517086887383,0.02939,0.028184,0.028713,21.65,0.028747,14.66,0.02879708,0.029142,0.029142,0.028747,-1.355,14838.16,427.2956643
1517086894111,0.02939,0.028184,0.028721,0.7,0.028747,14.66,0.02879708,0.029142,0.029142,0.028747,-1.355,14838.16,427.2956643
1517086898194,0.02939,0.028184,0.028721,0.7,0.028747,14.66,0.02879708,0.029142,0.029142,0.028747,-1.355,14838.16,427.2956643
1517086901110,0.02939,0.028184,0.028721,0.7,0.028746,3.355,0.02879707,0.029142,0.029142,0.028747,-1.355,14837.791,427.28491091
1517086905818,0.02939,0.028184,0.028721,0.7,0.028746,3.355,0.02879706,0.029142,0.029142,0.028747,-1.355,14837.423,427.27418666
1517086908848,0.02939,0.028184,0.028721,0.7,0.028746,3.355,0.02879706,0.029142,0.029142,0.028747,-1.355,14837.423,427.27418666
1517086911306,0.02939,0.028184,0.028721,0.7,0.028746,3.355,0.02879706,0.029142,0.029142,0.028747,-1.355,14837.423,427.27418666
1517086915771,0.02939,0.028184,0.028721,0.7,0.028746,3.355,0.02879674,0.029141,0.0292,0.028747,-1.352,14825.36,426.92206081
1517086919954,0.02939,0.028184,0.028721,0.7,0.028746,17.915,0.02879673,0.029141,0.029141,0.028747,-1.352,14825.04,426.91273569
1517086923760,0.02939,0.028184,0.028721,0.7,0.028746,3.355,0.02879669,0.029141,0.029141,0.028747,-1.352,14823.041,426.85448284
1517086928225,0.02939,0.028184,0.028721,0.7,0.028746,18.425,0.02879669,0.029141,0.029141,0.028747,-1.352,14823.041,426.85448284
1517086931028,0.02939,0.028184,0.028721,0.7,0.028746,18.425,0.02879669,0.029141,0.029141,0.028747,-1.352,14823.041,426.85448284
1517086935332,0.02939,0.028184,0.028721,0.7,0.028746,18.312,0.02879669,0.029141,0.029141,0.028746,-1.355,14823.154,426.85773113
1517086938973,0.02939,0.028184,0.028721,0.7,0.028746,18.312,0.02879667,0.029141,0.029141,0.028746,-1.355,14822.53,426.83954715
1517086942025,0.02939,0.028184,0.028721,0.7,0.028746,3.242,0.02879667,0.029141,0.029141,0.028746,-1.355,14822.53,426.83954715
1517086944288,0.02939,0.028184,0.028721,0.7,0.028746,3.242,0.02879667,0.029141,0.029141,0.028746,-1.355,14822.53,426.83954715
1517086950028,0.02939,0.028184,0.028721,0.7,0.028746,4.657,0.02879667,0.029141,0.029141,0.028746,-1.355,14822.877,426.84952201
1517086953925,0.02939,0.028184,0.028721,0.7,0.028746,19.717,0.02879665,0.02919,0.029141,0.028746,-1.521,14821.877,426.82038101
1517086957617,0.02939,0.028184,0.028721,0.7,0.028746,19.717,0.02879665,0.02919,0.029141,0.028746,-1.521,14821.877,426.82038101
1517086960968,0.02939,0.028184,0.028721,0.7,0.028746,19.717,0.02879665,0.02919,0.029141,0.028746,-1.521,14821.877,426.82038101
1517086964005,0.02939,0.028184,0.028721,0.7,0.028746,19.717,0.02879664,0.029142,0.02919,0.028746,-1.359,14821.74,426.81638198
1517086968610,0.02939,0.028184,0.028721,0.7,0.028746,19.717,0.02879664,0.029142,0.02919,0.028746,-1.359,14821.74,426.81638198
1517086972469,0.02939,0.028184,0.028721,0.7,0.028746,4.657,0.02879662,0.029141,0.029142,0.028746,-1.355,14820.49,426.77995448
1517086976061,0.02939,0.028184,0.028721,0.7,0.028746,7.715,0.02879662,0.029141,0.029142,0.028746,-1.355,14820.49,426.77995448
1517086981899,0.02939,0.028184,0.028721,0.7,0.028746,7.715,0.02879661,0.029141,0.029141,0.028746,-1.355,14820.444,426.778614
1517086984954,0.02939,0.028184,0.028721,0.7,0.028746,8.477,0.02879661,0.029141,0.029142,0.028746,-1.355,14820.259,426.7732228
1517086991122,0.02939,0.028184,0.028721,0.7,0.028746,4.657,0.02879661,0.029142,0.029141,0.028746,-1.359,14820.126,426.76934705
1517086993816,0.02939,0.028184,0.028721,0.7,0.028746,4.657,0.02879653,0.029142,0.029142,0.028746,-1.359,14816.939,426.6764715
1517086996738,0.02939,0.028184,0.028721,0.7,0.028746,4.657,0.02879653,0.029142,0.029142,0.028746,-1.359,14816.939,426.6764715
1517087001212,0.02939,0.028184,0.028721,0.7,0.028746,4.657,0.02879653,0.029142,0.029142,0.028746,-1.359,14816.788,426.67207107
1517087006617,0.02939,0.028184,0.028721,0.7,0.028746,4.657,0.02879652,0.029142,0.029142,0.028746,-1.359,14816.413,426.66114282
1517087007758,0.02939,0.028184,0.028721,0.7,0.028746,4.657,0.02879652,0.029142,0.029142,0.028746,-1.359,14816.413,426.66114282
1517087012337,0.02939,0.028184,0.028721,0.7,0.028746,4.657,0.02879651,0.029196,0.029142,0.028746,-1.541,14816.013,426.64948602
1517087017780,0.02939,0.028184,0.028721,8.16,0.028746,4.657,0.02879651,0.029196,0.029142,0.028746,-1.541,14816.013,426.64948602
1517087021531,0.02939,0.028184,0.028721,8.16,0.028746,4.657,0.02879569,0.029242,0.029287,0.028746,-1.696,14790.015,425.88861816
1517087024207,0.02939,0.028184,0.028721,8.16,0.028746,3.895,0.02879507,0.029287,0.029287,0.028746,-1.847,14770.803,425.32625307
1517087029150,0.02939,0.028184,0.028721,8.16,0.028746,3.895,0.02879178,0.029287,0.029287,0.028746,-1.847,14672.671,422.45226122
1517087031172,0.02939,0.028184,0.028721,9.67,0.028746,3.895,0.02879163,0.029287,0.029287,0.028746,-1.847,14668.363,422.32609284
1517087035957,0.02939,0.028184,0.028721,10.29,0.028746,3.895,0.0287916,0.029294,0.029287,0.028746,-1.871,14667.596,422.30362972
1517087040399,0.02939,0.028184,0.028722,11.583,0.028746,4.657,0.02879155,0.029296,0.029287,0.028746,-1.877,14665.939,422.25509538
1517087042223,0.02939,0.028184,0.028723,0.7,0.028746,4.657,0.02879126,0.0293,0.0293,0.028746,-1.891,14657.479,422.00723453
1517087046105,0.02939,0.028184,0.028722,11.583,0.028746,4.657,0.02879094,0.029233,0.029309,0.028746,-1.666,14648.305,421.73842587
1517087051942,0.02939,0.028184,0.028723,0.7,0.028746,4.657,0.02879078,0.029233,0.029233,0.028746,-1.666,14643.357,421.59371388
1517087054259,0.02939,0.028184,0.028722,11.583,0.028746,4.657,0.02879062,0.029223,0.029223,0.028746,-1.632,14637.778,421.43063428
1517087059023,0.02939,0.028184,0.028722,11.583,0.028723,4.818,0.02878999,0.029319,0.029319,0.028746,-1.954,14619.816,420.90433842
1517087060858,0.02939,0.028184,0.028722,11.583,0.028723,4.818,0.02878962,0.029223,0.029223,0.028746,-1.632,14609.103,420.59057931
1517087065964,0.02939,0.028184,0.028722,11.583,0.028723,4.818,0.02878922,0.02932,0.029223,0.028746,-1.958,14596.998,420.23612204
1517087068855,0.02939,0.028184,0.028722,11.583,0.028723,4.818,0.02878856,0.02932,0.029224,0.028746,-1.958,14577.219,419.65708241
1517087073282,0.02939,0.028184,0.028722,11.583,0.028723,4.818,0.02878734,0.029228,0.029321,0.028746,-1.649,14537.933,418.50839948
1517087077421,0.02939,0.028184,0.028722,11.583,0.028723,4.818,0.02878712,0.029331,0.029233,0.028746,-1.994,14530.996,418.3054672
1517087081398,0.02939,0.028184,0.028722,11.583,0.028723,4.818,0.02878703,0.029233,0.02923,0.028746,-1.666,14528.374,418.22871127
1517087084420,0.02939,0.028184,0.028722,11.583,0.028723,4.818,0.02878697,0.029234,0.029233,0.028746,-1.669,14526.358,418.16977755
1517087088459,0.02939,0.028184,0.028722,11.583,0.028723,4.617,0.02878654,0.029234,0.029233,0.028723,-1.748,14512.621,417.76807561
1517087096007,0.02939,0.028184,0.028722,11.583,0.028723,4.617,0.02878627,0.029329,0.029233,0.028723,-2.066,14504.081,417.51838946
1517087099549,0.02939,0.028184,0.028722,11.583,0.028723,4.617,0.02878604,0.029328,0.029328,0.028723,-2.063,14497.365,417.32180022
1517087105276,0.02939,0.028184,0.028722,11.583,0.028723,4.516,0.0287858,0.029333,0.029328,0.028723,-2.08,14490.906,417.13231296
1517087107048,0.02939,0.028184,0.028722,11.583,0.028723,5.516,0.02878545,0.029203,0.0292,0.028723,-1.644,14479.665,416.80370633
1517087110616,0.02939,0.028184,0.028722,11.583,0.028723,5.516,0.0287854,0.029208,0.029203,0.028723,-1.661,14477.725,416.74705251
1517087116948,0.02939,0.028184,0.028722,11.583,0.028723,5.516,0.02878496,0.029234,0.029234,0.028723,-1.748,14463.071,416.31884822
1517087120644,0.02939,0.028184,0.028722,10.583,0.028723,5.516,0.02878469,0.02933,0.029213,0.028722,-2.073,14455.377,416.0935549
1517087124221,0.02939,0.028184,0.028722,10.583,0.028723,5.516,0.0287845,0.029212,0.029206,0.028722,-1.677,14449.245,415.91436441
