1517086648840,0.3099,0.293,0.29647,19.922,0.2984,1.719,0.30096932,0.30461,0.30461,0.2984,-2.039,4414.334,1328.57909008
1517086654305,0.3099,0.293,0.2965,4.013,0.29838,1.719,0.30096809,0.30483,0.30461,0.2984,-2.109,4412.847,1328.12613501
1517086656898,0.3099,0.293,0.29652,2.013,0.29838,1.719,0.30096809,0.30483,0.30461,0.2984,-2.109,4412.847,1328.12613501
1517086661790,0.3099,0.293,0.29653,11.34,0.29836,1.719,0.30096809,0.30483,0.30461,0.2984,-2.109,4412.847,1328.12613501
1517086665285,0.3099,0.293,0.29656,2.013,0.29836,1.719,0.30096809,0.30483,0.30461,0.2984,-2.109,4412.847,1328.12613501
1517086669481,0.3099,0.293,0.29658,2.013,0.29834,2.379,0.30096447,0.30583,0.30583,0.2984,-2.429,4409.142,1326.99510027
1517086675106,0.3099,0.293,0.2966,2.012,0.29833,1.237,0.30095894,0.30583,0.30583,0.2984,-2.429,4404.132,1325.46289197
1517086678781,0.3099,0.293,0.29662,2.012,0.299,46.127,0.30094858,0.30464,0.30583,0.299,-1.851,4422.905,1331.06699029
1517086682373,0.3099,0.293,0.29664,3.741,0.29899,6.78,0.30094858,0.30464,0.30583,0.299,-1.851,4422.905,1331.06699029
1517086685822,0.3099,0.293,0.29665,3.741,0.29898,19.33,0.30094852,0.306,0.30464,0.299,-2.288,4422.831,1331.04444693
1517086689585,0.3099,0.293,0.29667,4.443,0.29898,7.04,0.30094852,0.306,0.30464,0.299,-2.288,4422.831,1331.04444693
1517086694101,0.3099,0.293,0.2967,3.74,0.29899,26.78,0.30094852,0.306,0.30464,0.299,-2.288,4422.831,1331.04444693
1517086698252,0.3099,0.293,0.29671,11.922,0.29897,6.78,0.30094852,0.306,0.30464,0.299,-2.288,4422.831,1331.04444693
1517086701837,0.3099,0.293,0.29673,2.34,0.29897,6.78,0.30094852,0.306,0.30464,0.299,-2.288,4422.831,1331.04444693
1517086705620,0.3099,0.293,0.29676,0.702,0.29896,0.261,0.30093852,0.30606,0.30606,0.29675,-3.042,4414.619,1328.5288923
1517086708783,0.3099,0.293,0.29677,3.478,0.29896,0.261,0.30092497,0.30606,0.30606,0.29675,-3.042,4402.975,1324.96512966
1517086712569,0.3099,0.293,0.29678,0.702,0.29896,0.261,0.30092315,0.30606,0.30606,0.29675,-3.042,4401.415,1324.48767606
1517086717115,0.3099,0.293,0.29679,2.34,0.29894,0.261,0.30092207,0.30606,0.30606,0.29675,-3.042,4400.492,1324.20518268
1517086720498,0.3099,0.293,0.29679,2.34,0.29894,0.261,0.30092207,0.30606,0.30606,0.29675,-3.042,4400.492,1324.20518268
1517086724088,0.3099,0.293,0.29679,2.34,0.29892,0.261,0.30092179,0.30606,0.30606,0.29675,-3.042,4400.248,1324.13050404
1517086726228,0.3099,0.293,0.29662,0.072,0.29892,0.261,0.30092179,0.30606,0.30606,0.29675,-3.042,4400.248,1324.13050404
1517086731184,0.3099,0.293,0.29662,0.072,0.29892,7.041,0.3009215,0.30606,0.30606,0.29675,-3.042,4399.999,1324.0542951
1517086735293,0.3099,0.293,0.29662,0.072,0.29891,0.261,0.3009215,0.30606,0.30606,0.29675,-3.042,4399.999,1324.0542951
1517086740197,0.3099,0.293,0.29627,11.22,0.29662,0.128,0.30092131,0.30622,0.30606,0.29662,-3.135,4399.97,1324.04473968
1517086743662,0.3099,0.293,0.29627,11.22,0.29662,0.128,0.30092131,0.30622,0.30606,0.29662,-3.135,4399.97,1324.04473968
1517086747197,0.3099,0.293,0.29627,2.22,0.29662,0.241,0.30092131,0.30622,0.30606,0.29662,-3.135,4399.97,1324.04473968
1517086750422,0.3099,0.293,0.29627,2.22,0.29662,0.241,0.30092082,0.30606,0.30622,0.29662,-3.084,4399.564,1323.92041436
1517086754798,0.3099,0.293,0.29627,26.39,0.29679,5.772,0.30091944,0.30626,0.30606,0.29679,-3.092,4400.602,1324.22669865
1517086765212,0.3099,0.293,0.29627,26.39,0.29679,5.772,0.30090046,0.3065,0.30606,0.29679,-3.168,4385.443,1319.58183575
1517086769103,0.3099,0.293,0.29627,26.39,0.29679,5.772,0.30090046,0.30651,0.3065,0.29679,-3.171,4385.442,1319.58152925
1517086773468,0.3099,0.293,0.29627,2.22,0.29679,4.772,0.30089953,0.30651,0.3065,0.29679,-3.171,4386.442,1319.87831925
1517086774922,0.3099,0.293,0.29627,11.57,0.29679,4.772,0.30089929,0.30651,0.30651,0.29679,-3.171,4386.255,1319.82100188
1517086781210,0.3099,0.293,0.29627,11.57,0.29679,4.772,0.30089801,0.30651,0.30651,0.29679,-3.171,4385.255,1319.51449188
1517086785194,0.3099,0.293,0.29627,11.57,0.29679,4.772,0.30089777,0.30651,0.30651,0.29679,-3.171,4385.068,1319.45717451
1517086787488,0.3099,0.293,0.29627,2.22,0.29679,4.772,0.30089777,0.30651,0.30651,0.29679,-3.171,4385.068,1319.45717451
1517086789381,0.3099,0.293,0.29627,2.22,0.29679,4.772,0.30089757,0.30651,0.30651,0.29679,-3.171,4384.912,1319.40935895
1517086795701,0.3099,0.293,0.29627,2.22,0.29679,4.772,0.30088797,0.30651,0.3065,0.29679,-3.171,4377.414,1317.11120374
1517086800286,0.3099,0.293,0.29629,2.22,0.29679,3.772,0.30088703,0.30651,0.3065,0.29679,-3.171,4378.414,1317.40799374
1517086804031,0.3099,0.293,0.2963,3.484,0.29679,0.561,0.30088403,0.30651,0.3065,0.29679,-3.171,4381.625,1318.36098643
1517086806852,0.3099,0.293,0.2963,3.484,0.29679,0.561,0.30088275,0.3065,0.30651,0.29679,-3.168,4380.625,1318.05447643
1517086810765,0.3099,0.293,0.2963,3.484,0.29679,0.561,0.30088259,0.3065,0.3065,0.29679,-3.168,4380.504,1318.01738993
1517086815097,0.3099,0.293,0.2963,3.484,0.29679,0.561,0.30088259,0.3065,0.3065,0.29679,-3.168,4380.504,1318.01738993
1517086818467,0.3099,0.293,0.29633,9,0.29679,0.561,0.30088259,0.3065,0.3065,0.29679,-3.168,4380.504,1318.01738993
1517086822213,0.3099,0.293,0.29634,3.483,0.29679,0.561,0.30088259,0.3065,0.3065,0.29679,-3.168,4380.504,1318.01738993
1517086826410,0.3099,0.293,0.29634,3.483,0.29679,0.561,0.30088259,0.3065,0.3065,0.29679,-3.168,4380.504,1318.01738993
1517086830502,0.3099,0.293,0.29634,3.483,0.29762,0.072,0.30087315,0.3065,0.3065,0.29709,-3.07,4374.858,1316.27731263
1517086834391,0.3099,0.293,0.29635,2.22,0.29679,38.889,0.30087047,0.30695,0.30695,0.29709,-3.212,4372.858,1315.66386263
1517086835695,0.3099,0.293,0.29635,2.22,0.29679,38.889,0.30087047,0.30695,0.30695,0.29709,-3.212,4372.858,1315.66386263
1517086841383,0.3099,0.293,0.29635,2.22,0.29679,38.889,0.30087047,0.30695,0.30695,0.29709,-3.212,4372.858,1315.66386263
1517086845621,0.3099,0.293,0.29635,2.22,0.29679,38.889,0.30087047,0.30695,0.30695,0.29709,-3.212,4372.858,1315.66386263
1517086849441,0.3099,0.293,0.29635,2.22,0.29679,38.889,0.30087047,0.30695,0.30695,0.29709,-3.212,4372.858,1315.66386263
1517086851987,0.3099,0.293,0.29635,2.22,0.29679,38.889,0.30087047,0.30695,0.30695,0.29709,-3.212,4372.858,1315.66386263
1517086856636,0.3099,0.293,0.29635,2.22,0.29679,38.889,0.30087047,0.30695,0.30695,0.29709,-3.212,4372.858,1315.66386263
1517086860358,0.3099,0.293,0.29635,2.22,0.29679,37.889,0.30086954,0.30695,0.30695,0.29679,-3.31,4373.858,1315.96065263
1517086864409,0.3099,0.293,0.29635,2.22,0.29679,37.889,0.30086954,0.30695,0.30695,0.29679,-3.31,4373.858,1315.96065263
1517086866229,0.3099,0.293,0.29635,2.22,0.29679,37.889,0.30086954,0.30695,0.30695,0.29679,-3.31,4373.858,1315.96065263
1517086869466,0.3099,0.293,0.29635,2.22,0.29679,37.99,0.30086954,0.30695,0.30695,0.29679,-3.31,4373.858,1315.96065263
1517086873700,0.3099,0.293,0.29635,2.22,0.29679,37.99,0.30086954,0.30695,0.30695,0.29679,-3.31,4373.858,1315.96065263
1517086878664,0.3099,0.293,0.29635,2.22,0.29679,37.99,0.30086954,0.30695,0.30695,0.29679,-3.31,4373.858,1315.96065263
1517086882735,0.3099,0.293,0.29635,2.22,0.29679,37.99,0.30086954,0.30695,0.30695,0.29679,-3.31,4373.858,1315.96065263
1517086884323,0.3099,0.293,0.29635,2.22,0.29679,37.99,0.30086954,0.30695,0.30695,0.29679,-3.31,4373.858,1315.96065263
1517086889278,0.3099,0.293,0.29662,0.24,0.29679,36.99,0.30086822,0.30695,0.30695,0.29679,-3.31,4374.58,1316.17211053
1517086892562,0.3099,0.293,0.29662,0.24,0.29679,36.99,0.30086822,0.30695,0.30695,0.29679,-3.31,4374.58,1316.17211053
1517086897296,0.3099,0.293,0.29662,0.24,0.29679,36.99,0.30086694,0.3065,0.3065,0.29679,-3.168,4373.58,1315.86561008
1517086900964,0.3099,0.293,0.29662,0.24,0.29679,36.99,0.30086694,0.3065,0.3065,0.29679,-3.168,4373.58,1315.86561008
1517086903992,0.3099,0.293,0.29662,0.24,0.29679,36.99,0.30086694,0.3065,0.3065,0.29679,-3.168,4373.58,1315.86561008
1517086907662,0.3099,0.293,0.29662,0.24,0.29679,36.99,0.3008648,0.30651,0.3065,0.29679,-3.171,4371.924,1315.35804608
1517086909977,0.3099,0.293,0.29662,0.24,0.29679,36.99,0.3008648,0.30651,0.3065,0.29679,-3.171,4371.924,1315.35804608
1517086915193,0.3099,0.293,0.29662,0.24,0.29679,36.99,0.30080401,0.30666,0.308,0.29679,-3.219,4334.838,1303.93666
1517086918239,0.3099,0.293,0.29662,0.24,0.29679,35.99,0.30080309,0.30666,0.308,0.29679,-3.219,4335.838,1304.23345
1517086927466,0.3099,0.293,0.29635,1.234,0.29679,46.048,0.30080049,0.3067,0.30666,0.29635,-3.375,4336.064,1304.2901799
1517086931424,0.3099,0.293,0.29635,1.234,0.29679,46.048,0.30080049,0.3067,0.30666,0.29635,-3.375,4336.064,1304.2901799
1517086934726,0.3099,0.293,0.29635,1.234,0.29679,46.048,0.30080049,0.3067,0.30666,0.29635,-3.375,4336.064,1304.2901799
1517086938208,0.3099,0.293,0.29626,2.34,0.29679,46.048,0.30079979,0.3067,0.30666,0.29635,-3.375,4336.749,1304.49317965
1517086941388,0.3099,0.293,0.29626,2.34,0.29679,46.048,0.30079979,0.3067,0.30666,0.29635,-3.375,4336.749,1304.49317965
1517086946509,0.3099,0.293,0.29626,2.34,0.29679,45.048,0.30079866,0.30671,0.3067,0.29679,-3.234,4337.6,1304.74427135
1517086954196,0.3099,0.293,0.29626,2.34,0.29679,45.048,0.30079676,0.30777,0.30671,0.29679,-3.568,4336.209,1304.31763774
1517086958314,0.3099,0.293,0.29626,2.34,0.29679,45.048,0.30079676,0.30777,0.30671,0.29679,-3.568,4336.209,1304.31763774
1517086962277,0.3099,0.293,0.29627,9.29,0.29679,45.048,0.30079676,0.30777,0.30671,0.29679,-3.568,4336.209,1304.31763774
1517086964957,0.3099,0.293,0.29626,2.34,0.29679,45.048,0.30079676,0.30777,0.30671,0.29679,-3.568,4336.209,1304.31763774
1517086970512,0.3099,0.293,0.29626,2.34,0.29679,45.048,0.30079676,0.30777,0.30671,0.29679,-3.568,4336.209,1304.31763774
1517086971758,0.3099,0.293,0.29626,2.34,0.29679,45.048,0.30079676,0.30777,0.30671,0.29679,-3.568,4336.209,1304.31763774
1517086976249,0.3099,0.293,0.29626,2.34,0.29679,44.048,0.30079584,0.30777,0.30671,0.29679,-3.568,4337.209,1304.61442774
1517086978583,0.3099,0.293,0.29626,1.22,0.29679,44.048,0.30079467,0.30777,0.30671,0.29626,-3.74,4338.329,1304.94623894
1517086984594,0.3099,0.293,0.29626,1.22,0.29679,44.048,0.30079467,0.30777,0.30671,0.29626,-3.74,4338.329,1304.94623894
1517086989245,0.3099,0.293,0.29626,1.22,0.29679,44.048,0.30079467,0.30777,0.30671,0.29626,-3.74,4338.329,1304.94623894
1517086991486,0.3099,0.293,0.29626,1.22,0.29679,44.048,0.30078326,0.30779,0.30779,0.29626,-3.746,4331.26,1302.77052327
1517086996185,0.3099,0.293,0.29626,1.22,0.29679,44.048,0.30078043,0.3078,0.30779,0.29626,-3.749,4329.511,1302.23219856
1517086999429,0.3099,0.293,0.29626,1.22,0.29679,44.048,0.3007795,0.3078,0.3078,0.29626,-3.749,4328.936,1302.05521356
1517087003607,0.3099,0.293,0.29626,1.22,0.29679,44.048,0.3007795,0.3078,0.3078,0.29626,-3.749,4328.936,1302.05521356
1517087007168,0.3099,0.293,0.29626,1.22,0.29679,44.048,0.3007795,0.3078,0.3078,0.29626,-3.749,4328.936,1302.05521356
1517087012145,0.3099,0.293,0.29626,1.22,0.29679,44.048,0.3007795,0.3078,0.3078,0.29626,-3.749,4328.936,1302.05521356
1517087013716,0.3099,0.293,0.29626,1.22,0.29679,44.048,0.30077631,0.308,0.30798,0.29626,-3.812,4326.992,1301.45670078
1517087017054,0.3099,0.293,0.29626,1.22,0.29679,44.048,0.30077631,0.308,0.30798,0.29626,-3.812,4326.992,1301.45670078
1517087021315,0.3099,0.293,0.29626,1.22,0.29679,44.048,0.30068091,0.30866,0.30866,0.29626,-4.017,4274.097,1285.13938839
1517087026097,0.3099,0.293,0.29626,1.22,0.29679,44.048,0.30061218,0.30866,0.30866,0.29626,-4.017,4237.592,1273.87175509
1517087030781,0.3099,0.293,0.29626,0.901,0.29679,44.048,0.3005987,0.30866,0.30866,0.29626,-4.017,4230.998,1271.83249545
1517087034596,0.3099,0.293,0.29626,0.901,0.29679,44.048,0.3005987,0.30866,0.30866,0.29626,-4.017,4230.998,1271.83249545
1517087040692,0.3099,0.293,0.29626,0.901,0.29679,44.048,0.30059296,0.30866,0.30866,0.29626,-4.017,4227.99,1270.90404617
1517087046990,0.3099,0.293,0.29626,0.901,0.29679,44.048,0.30056937,0.30866,0.30866,0.29626,-4.017,4215.658,1267.09765105
1517087052914,0.3099,0.293,0.29626,0.901,0.29679,44.048,0.30055236,0.30866,0.30866,0.29626,-4.017,4206.818,1264.36909665
1517087057466,0.3099,0.293,0.29626,0.901,0.29679,33.99,0.30054044,0.30866,0.30866,0.29626,-4.017,4200.643,1262.46309035
1517087058702,0.3099,0.293,0.29626,0.901,0.2965,0.261,0.30053909,0.30866,0.30866,0.29626,-4.017,4199.943,1262.24702835
1517087064673,0.3099,0.293,0.29626,0.901,0.2965,0.261,0.30052528,0.30866,0.30866,0.29626,-4.017,4192.815,1260.04689987
1517087068444,0.3099,0.293,0.29626,0.901,0.2965,0.261,0.30050158,0.30866,0.30866,0.29626,-4.017,4180.635,1256.28742107
1517087072038,0.3099,0.293,0.29626,0.901,0.2965,0.261,0.30049139,0.30866,0.30866,0.29626,-4.017,4175.419,1254.67745051
1517087076613,0.3099,0.293,0.29626,0.901,0.2965,0.261,0.30048785,0.30866,0.30866,0.29626,-4.017,4173.613,1254.12001055
1517087079600,0.3099,0.293,0.29626,0.901,0.2965,0.261,0.30048785,0.30866,0.30866,0.29626,-4.017,4173.613,1254.12001055
1517087083810,0.3099,0.293,0.29625,0.103,0.2965,0.261,0.30048633,0.30866,0.30866,0.29625,-4.021,4175.113,1254.56439456
1517087084173,0.3099,0.293,0.29625,0.103,0.2965,0.261,0.30048633,0.30866,0.30866,0.29625,-4.021,4175.113,1254.56439456
1517087090000,0.3099,0.293,0.29625,0.103,0.2965,0.261,0.30048633,0.30866,0.30866,0.29625,-4.021,4175.113,1254.56439456
1517087095734,0.3099,0.293,0.29625,0.103,0.2965,0.261,0.30048633,0.30866,0.30866,0.29625,-4.021,4175.113,1254.56439456
1517087099042,0.3099,0.293,0.29625,0.103,0.2965,0.261,0.30048597,0.30866,0.30866,0.29625,-4.021,4174.926,1254.50667514
1517087102156,0.3099,0.293,0.29625,0.103,0.2965,5.865,0.30048597,0.30866,0.30866,0.29625,-4.021,4174.926,1254.50667514
1517087106297,0.3099,0.293,0.29625,0.001,0.29648,0.261,0.30048586,0.30866,0.30866,0.29625,-4.021,4175.028,1254.53689264
1517087109368,0.3099,0.293,0.29625,0.001,0.29648,0.261,0.30048164,0.30866,0.30866,0.29625,-4.021,4172.87,1253.87080436
1517087113534,0.3099,0.293,0.29625,0.001,0.29648,0.12,0.30046562,0.30866,0.30866,0.29648,-3.946,4164.926,1251.41709194
1517087116202,0.3099,0.293,0.29625,0.001,0.29648,0.12,0.30046562,0.30866,0.30866,0.29648,-3.946,4164.926,1251.41709194
1517087119371,0.3099,0.293,0.29625,0.001,0.29648,0.12,0.30046562,0.30866,0.30866,0.29648,-3.946,4164.926,1251.41709194
