1517174944203,0.0005842,0.00055,0.0005519,4.6,0.0005538,6.94,0.00056348,0.000563,0.0005659,0.0005535,-1.687,175630.67,98.96457874
1517174964542,0.0005842,0.00055,0.0005519,4.6,0.000556,6.94,0.00056348,0.0005654,0.0005659,0.0005535,-2.105,175591.67,98.94256598
1517174970151,0.0005842,0.00055,0.0005519,4.6,0.000554,22.56,0.00056348,0.0005653,0.0005653,0.0005535,-2.087,175445.9,98.86015023
1517174974424,0.0005842,0.00055,0.0005519,4.6,0.0005535,212.97,0.00056348,0.0005653,0.0005653,0.0005535,-2.087,175493.92,98.8867293
1517174980683,0.0005842,0.00055,0.0005519,4.6,0.0005534,23,0.00056348,0.0005664,0.0005653,0.0005535,-2.278,175352.46,98.80676657
1517174982309,0.0005842,0.00055,0.0005519,4.6,0.0005533,6.94,0.00056348,0.0005664,0.0005653,0.0005535,-2.278,175352.46,98.80676657
1517174994605,0.0005842,0.00055,0.0005519,4.6,0.0005534,23,0.00056347,0.0005664,0.0005653,0.0005533,-2.313,175357.46,98.80953307
1517175036629,0.0005842,0.00055,0.0005519,4.6,0.0005534,23,0.00056347,0.0005668,0.0005668,0.0005533,-2.382,175157.26,98.69613352
1517175041796,0.0005842,0.00055,0.0005519,4.6,0.0005535,207.69,0.00056347,0.0005668,0.0005668,0.0005535,-2.347,175185.54,98.71178419
1517175043780,0.0005842,0.00055,0.0005519,18.6,0.0005535,207.69,0.00056347,0.0005668,0.0005668,0.0005535,-2.347,175185.54,98.71178419
1517175098991,0.0005842,0.00055,0.0005519,18.6,0.0005535,207.69,0.00056347,0.0005643,0.0005687,0.0005535,-1.914,175140.54,98.6862675
1517175152392,0.0005842,0.00055,0.0005519,18.6,0.0005535,195.65,0.00056346,0.0005663,0.0005674,0.0005535,-2.26,174737.19,98.45822791
1517175161000,0.0005842,0.00055,0.000554,0.07,0.0005572,324.77,0.00056345,0.0005663,0.0005674,0.000554,-2.172,174958.59,98.58078568
1517175166568,0.0005842,0.00055,0.0005535,0.83,0.0005569,359.2,0.00056345,0.0005663,0.0005674,0.0005536,-2.243,175073.61,98.64446526
1517175169054,0.0005842,0.00055,0.0005535,0.83,0.0005566,359.2,0.00056345,0.0005663,0.0005674,0.0005536,-2.243,175073.61,98.64446526
1517175177626,0.0005842,0.00055,0.0005535,0.08,0.0005564,359.2,0.00056345,0.0005663,0.0005674,0.0005535,-2.26,175074.36,98.64488038
1517175206136,0.0005842,0.00055,0.0005519,4.6,0.0005561,89.88,0.00056345,0.0005663,0.0005674,0.0005535,-2.26,175081.95,98.64908144
1517175211058,0.0005842,0.00055,0.0005519,4.6,0.0005559,89.88,0.00056345,0.0005663,0.0005674,0.0005535,-2.26,175081.95,98.64908144
1517175215813,0.0005842,0.00055,0.0005519,4.6,0.0005556,359.2,0.00056345,0.0005663,0.0005674,0.0005535,-2.26,175081.95,98.64908144
1517175222474,0.0005842,0.00055,0.0005519,4.6,0.000557,89.88,0.00056344,0.0005663,0.0005663,0.0005535,-2.26,175066.95,98.64058694
1517175229066,0.0005842,0.00055,0.000552,46.28,0.0005565,14,0.00056344,0.0005663,0.0005663,0.0005535,-2.26,175061.66,98.63759122
1517175230845,0.0005842,0.00055,0.000552,46.28,0.0005563,359.2,0.00056344,0.0005663,0.0005663,0.0005535,-2.26,175061.66,98.63759122
1517175239048,0.0005842,0.00055,0.0005519,4.6,0.0005562,89.88,0.00056344,0.0005663,0.0005663,0.0005535,-2.26,174790.16,98.48384077
1517175241662,0.0005842,0.00055,0.0005519,4.6,0.0005562,89.88,0.00056344,0.0005663,0.0005663,0.0005535,-2.26,174790.16,98.48384077
1517175267850,0.0005842,0.00055,0.0005512,230.16,0.0005562,89.88,0.00056343,0.0005663,0.0005663,0.0005512,-2.666,174937.87,98.56548244
1517175272640,0.0005842,0.00055,0.0005512,230.16,0.0005559,359.2,0.00056343,0.0005663,0.0005663,0.0005512,-2.666,174937.87,98.56548244
1517175278236,0.0005842,0.00055,0.0005512,230.16,0.0005556,89.88,0.00056343,0.0005663,0.0005663,0.0005512,-2.666,174937.87,98.56548244
1517175284704,0.0005842,0.00055,0.0005511,470.61,0.0005554,89.88,0.00056343,0.0005663,0.0005663,0.0005512,-2.666,174937.87,98.56548244
1517175288053,0.0005842,0.00055,0.0005512,230,0.0005551,359.2,0.00056343,0.0005663,0.0005663,0.0005512,-2.666,174937.87,98.56548244
1517175295845,0.0005842,0.00055,0.0005511,470.61,0.000555,89.88,0.00056343,0.0005663,0.0005663,0.0005512,-2.666,174937.87,98.56548244
1517175301765,0.0005842,0.00055,0.0005512,236.09,0.0005566,14,0.00056343,0.0005663,0.0005663,0.0005512,-2.666,174937.87,98.56548244
1517175307644,0.0005842,0.00055,0.0005512,287.42,0.0005563,89.88,0.00056343,0.0005663,0.0005663,0.0005512,-2.666,174937.87,98.56548244
1517175312420,0.0005842,0.00055,0.0005512,287.42,0.0005561,89.88,0.00056343,0.0005663,0.0005663,0.0005512,-2.666,174937.87,98.56548244
1517175318133,0.0005842,0.00055,0.0005512,126.45,0.0005566,89.88,0.00056342,0.0005663,0.0005663,0.0005512,-2.666,175098.84,98.6542091
1517175323641,0.0005842,0.00055,0.0005512,126.45,0.0005563,359.2,0.00056342,0.0005663,0.0005663,0.0005512,-2.666,175098.84,98.6542091
1517175327261,0.0005842,0.00055,0.0005512,126.45,0.0005561,359.2,0.00056342,0.0005663,0.0005663,0.0005512,-2.666,175098.84,98.6542091
1517175345871,0.0005842,0.00055,0.0005512,174.82,0.000556,89.88,0.00056342,0.0005663,0.0005663,0.0005512,-2.666,175098.84,98.6542091
1517175350690,0.0005842,0.00055,0.0005512,174.82,0.000556,89.88,0.00056342,0.0005663,0.0005663,0.0005512,-2.666,175098.84,98.6542091
1517175353847,0.0005842,0.00055,0.0005512,174.82,0.0005557,359.2,0.00056342,0.0005663,0.0005663,0.0005512,-2.666,175098.84,98.6542091
1517175384900,0.0005842,0.00055,0.0005512,219.24,0.0005556,89.88,0.00056342,0.000568,0.0005663,0.0005512,-2.958,175088.84,98.6485461
1517175391042,0.0005842,0.00055,0.0005512,150.21,0.0005554,89.88,0.00056342,0.000568,0.0005663,0.0005512,-2.958,175075.12,98.64076481
1517175396804,0.0005842,0.00055,0.0005512,98.88,0.0005552,89.88,0.00056342,0.000568,0.0005663,0.0005512,-2.958,175075.12,98.64076481
1517175402404,0.0005842,0.00055,0.0005512,75.09,0.0005568,89.88,0.00056342,0.000568,0.0005663,0.0005512,-2.958,175075.12,98.64076481
1517175407068,0.0005842,0.00055,0.0005512,75.09,0.0005564,359.2,0.00056342,0.000568,0.0005663,0.0005512,-2.958,175075.12,98.64076481
1517175413171,0.0005842,0.00055,0.0005512,75.09,0.0005567,89.88,0.00056342,0.000568,0.0005663,0.0005512,-2.958,175075.12,98.64076481
1517175418245,0.0005842,0.00055,0.0005512,75.09,0.0005565,89.88,0.00056342,0.000568,0.0005663,0.0005512,-2.958,175075.12,98.64076481
1517175423843,0.0005842,0.00055,0.0005512,125.43,0.0005563,89.88,0.00056342,0.000568,0.0005663,0.0005512,-2.958,175075.12,98.64076481
1517175429445,0.0005842,0.00055,0.0005512,125.43,0.0005561,89.88,0.00056342,0.000568,0.0005663,0.0005512,-2.958,175075.12,98.64076481
1517175441542,0.0005842,0.00055,0.0005512,125.43,0.0005568,89.87,0.00056342,0.000568,0.0005663,0.0005512,-2.958,175075.12,98.64076481
1517175446911,0.0005842,0.00055,0.0005512,125.43,0.0005565,89.88,0.00056342,0.000568,0.0005663,0.0005512,-2.958,175075.12,98.64076481
1517175453040,0.0005842,0.00055,0.0005502,49.44,0.0005559,89.88,0.00056324,0.000568,0.0005663,0.0005505,-3.081,177581.16,100.02089198
1517175458508,0.0005842,0.00055,0.00055,479.2,0.0005555,50.34,0.0005632,0.000568,0.0005663,0.00055,-3.169,178075.02,100.29252626
1517175463039,0.0005842,0.00055,0.0005506,47.5,0.0005552,359.2,0.0005632,0.000568,0.0005663,0.00055,-3.169,178075.02,100.29252626
1517175467506,0.0005842,0.00055,0.0005506,47.5,0.000555,359.2,0.0005632,0.000568,0.0005663,0.0005551,-2.271,178093.02,100.30251806
1517175475357,0.0005842,0.00055,0.0005507,35,0.0005547,71.88,0.0005632,0.000568,0.0005663,0.0005551,-2.271,178093.02,100.30251806
1517175481249,0.0005842,0.00055,0.0005507,35,0.0005546,71.88,0.0005632,0.000568,0.0005663,0.0005551,-2.271,178093.02,100.30251806
1517175486862,0.0005842,0.00055,0.0005505,39.82,0.0005556,50.34,0.0005632,0.000568,0.0005663,0.0005551,-2.271,178093.02,100.30251806
1517175488251,0.0005842,0.00055,0.0005505,39.82,0.0005555,385.49,0.0005632,0.000568,0.0005663,0.0005555,-2.201,178094.73,100.30346796
1517175498942,0.0005842,0.00055,0.0005506,35,0.0005551,71.88,0.0005632,0.0005678,0.000568,0.0005555,-2.166,178091.21,100.3014686
1517175503664,0.0005842,0.00055,0.0005508,35,0.0005547,359.2,0.0005632,0.0005678,0.000568,0.0005555,-2.166,178091.21,100.3014686
1517175510418,0.0005842,0.00055,0.0005507,44.52,0.0005546,71.88,0.0005632,0.0005678,0.000568,0.0005555,-2.166,178091.21,100.3014686
1517175515194,0.0005842,0.00055,0.0005507,44.52,0.0005544,71.88,0.0005632,0.0005678,0.000568,0.0005555,-2.166,178091.21,100.3014686
1517175521852,0.0005842,0.00055,0.0005505,39.82,0.0005544,11.88,0.0005632,0.0005678,0.000568,0.0005544,-2.36,178151.21,100.3347326
1517175526968,0.0005842,0.00055,0.0005506,35,0.0005542,11.88,0.0005632,0.0005678,0.000568,0.0005544,-2.36,178151.21,100.3347326
1517175529059,0.0005842,0.00055,0.0005506,35,0.000554,11.88,0.0005632,0.0005678,0.000568,0.0005544,-2.36,178151.21,100.3347326
1517175537202,0.0005842,0.00055,0.0005505,39.82,0.000554,11.88,0.0005632,0.0005678,0.000568,0.0005544,-2.36,178151.21,100.3347326
1517175561045,0.0005842,0.00055,0.0005505,39.82,0.0005558,11.88,0.0005632,0.0005678,0.000568,0.0005544,-2.36,178151.21,100.3347326
1517175565245,0.0005842,0.00055,0.0005505,39.82,0.0005556,62.22,0.0005632,0.0005678,0.000568,0.0005544,-2.36,178151.21,100.3347326
1517175572245,0.0005842,0.00055,0.0005505,39.82,0.0005553,359.2,0.0005632,0.0005658,0.0005663,0.0005544,-2.015,178035.72,100.26921721
1517175576624,0.0005842,0.00055,0.0005505,39.82,0.0005543,26,0.0005632,0.0005658,0.0005676,0.0005544,-2.015,178020.39,100.2605369
1517175583437,0.0005842,0.00055,0.0005505,39.82,0.0005542,11.88,0.0005632,0.0005658,0.0005676,0.0005544,-2.015,178020.39,100.2605369
1517175585987,0.0005842,0.00055,0.0005505,39.82,0.000554,11.88,0.0005632,0.0005658,0.0005676,0.0005544,-2.015,178020.39,100.2605369
1517175600459,0.0005842,0.00055,0.0005505,39.82,0.000554,371.08,0.0005632,0.0005658,0.0005658,0.0005544,-2.015,177987.18,100.24174669
1517175605862,0.0005842,0.00055,0.0005505,39.82,0.0005538,371.08,0.0005632,0.0005658,0.0005658,0.0005544,-2.015,177923.6,100.20577313
1517175611838,0.0005842,0.00055,0.0005505,39.82,0.0005536,371.08,0.0005632,0.0005658,0.0005658,0.0005544,-2.015,177920.02,100.20374757
1517175633838,0.0005842,0.00055,0.0005505,35.62,0.0005533,385.2,0.00056319,0.0005661,0.0005658,0.0005505,-2.756,177869.54,100.17512173
1517175639446,0.0005842,0.00055,0.0005505,35.62,0.0005543,11.88,0.00056319,0.0005661,0.0005658,0.0005505,-2.756,177869.54,100.17512173
1517175644676,0.0005842,0.00055,0.0005505,35.62,0.0005542,50.34,0.00056319,0.0005661,0.0005658,0.0005544,-2.067,177910.53,100.19784539
1517175662093,0.0005842,0.00055,0.0005505,35.62,0.0005542,50.34,0.00056319,0.0005661,0.0005658,0.0005544,-2.067,177910.53,100.19784539
1517175667438,0.0005842,0.00055,0.0005505,35.62,0.0005542,31.34,0.00056319,0.0005661,0.0005658,0.0005542,-2.102,177929.53,100.20837519
1517175670249,0.0005842,0.00055,0.0005505,14.96,0.0005541,26,0.00056319,0.0005661,0.0005658,0.0005505,-2.756,177950.19,100.21974852
1517175679079,0.0005842,0.00055,0.0005505,14.96,0.0005541,26,0.00056319,0.0005661,0.0005658,0.0005505,-2.756,177950.19,100.21974852
1517175684151,0.0005842,0.00055,0.0005505,6.22,0.0005543,57.34,0.00056319,0.0005661,0.0005658,0.0005505,-2.756,177958.93,100.22455989
1517175689855,0.0005842,0.00055,0.0005505,6.22,0.0005543,31.34,0.00056319,0.0005661,0.0005658,0.0005505,-2.756,177958.93,100.22455989
1517175692466,0.0005842,0.00055,0.0005505,6.22,0.0005543,31.34,0.00056319,0.0005661,0.0005658,0.0005505,-2.756,177958.93,100.22455989
1517175706690,0.0005842,0.00055,0.0005505,0.91,0.0005543,31.34,0.00056319,0.0005661,0.0005658,0.0005505,-2.756,177964.24,100.22748304
1517175712244,0.0005842,0.00055,0.0005505,0.91,0.0005542,26,0.00056319,0.0005661,0.0005658,0.0005505,-2.756,177964.24,100.22748304
1517175717853,0.0005842,0.00055,0.00055,479.2,0.0005505,48.87,0.00056319,0.0005661,0.0005658,0.0005505,-2.756,177965.15,100.22798399
1517175723554,0.0005842,0.00055,0.00055,479.2,0.0005505,32.54,0.00056319,0.0005661,0.0005658,0.0005505,-2.756,177981.48,100.23697365
1517175729052,0.0005842,0.00055,0.0005504,42.16,0.000554,359.2,0.00056318,0.0005661,0.0005658,0.0005541,-2.12,178045.48,100.27220294
1517175731339,0.0005842,0.00055,0.0005504,42.16,0.000554,359.2,0.00056318,0.0005661,0.0005658,0.0005541,-2.12,178045.48,100.27220294
1517175762636,0.0005842,0.00055,0.0005504,42.16,0.0005538,385.2,0.00056318,0.0005666,0.0005661,0.0005541,-2.206,177973.98,100.23172784
1517175764740,0.0005842,0.00055,0.0005504,42.16,0.0005538,359.2,0.00056318,0.0005666,0.0005661,0.0005541,-2.206,177973.98,100.23172784
1517175772178,0.0005842,0.00055,0.0005504,42.16,0.0005538,228.4,0.00056318,0.0005666,0.0005661,0.0005538,-2.259,178104.78,100.30416488
1517175789834,0.0005842,0.00055,0.0005504,42.16,0.0005536,26,0.00056317,0.0005662,0.0005666,0.0005538,-2.19,178101.13,100.30209679
1517175790646,0.0005842,0.00055,0.0005504,42.16,0.0005536,254.4,0.00056317,0.0005662,0.0005666,0.0005538,-2.19,178101.13,100.30209679
1517175817101,0.0005842,0.00055,0.0005504,55.16,0.0005534,218.09,0.00056317,0.0005662,0.0005662,0.0005536,-2.225,178127.2,100.31640012
1517175868222,0.0005842,0.00055,0.0005504,55.16,0.0005533,159.52,0.00056317,0.0005662,0.0005662,0.0005536,-2.225,178123.2,100.31413532
1517175870270,0.0005842,0.00055,0.0005504,55.16,0.0005532,200.02,0.00056317,0.0005662,0.0005662,0.0005532,-2.296,178141.27,100.32413164
1517175884898,0.0005842,0.00055,0.0005504,55.16,0.0005532,200.02,0.00056317,0.0005662,0.0005662,0.0005532,-2.296,178132.55,100.31919439
1517175890971,0.0005842,0.00055,0.0005504,55.16,0.0005531,200.02,0.00056317,0.0005662,0.0005662,0.0005532,-2.296,178132.55,100.31919439
1517175893588,0.0005842,0.00055,0.0005504,55.16,0.0005531,200.02,0.00056317,0.0005662,0.0005662,0.0005532,-2.296,178132.55,100.31919439
1517175912241,0.0005842,0.00055,0.0005504,0.02,0.0005531,191.1,0.00056317,0.0005662,0.0005662,0.0005531,-2.314,178196.61,100.35447709
1517175919691,0.0005842,0.00055,0.0005504,0.02,0.0005531,191.1,0.00056317,0.0005662,0.0005662,0.0005531,-2.314,178196.61,100.35447709
1517175919781,0.0005842,0.00055,0.0005504,0.02,0.0005531,191.1,0.00056317,0.0005662,0.0005662,0.0005531,-2.314,178196.61,100.35447709
1517175943085,0.0005842,0.00055,0.0005504,0.02,0.0005531,191.1,0.00056317,0.0005662,0.0005662,0.0005531,-2.314,178196.61,100.35447709
