1517174952668,0.0011786,0.0011339,0.001147,43.26,0.0011471,1.19,0.00115667,0.0011541,0.0011544,0.0011471,-0.607,3861255.64,4466.18125914
1517174958683,0.0011786,0.0011339,0.001147,30.26,0.0011471,0.94,0.00115667,0.0011541,0.001155,0.0011471,-0.607,3861200.1,4466.1170348
1517174964395,0.0011786,0.0011339,0.001147,10.35,0.0011485,1361.25,0.00115666,0.0011541,0.0011541,0.0011486,-0.477,3861473.37,4466.43046991
1517174970151,0.0011786,0.0011339,0.0011458,58.57,0.0011465,0.01,0.00115666,0.0011549,0.0011549,0.0011465,-0.727,3861558.09,4466.52648681
1517174975692,0.0011786,0.0011339,0.0011476,0.03,0.0011484,65.51,0.00115666,0.001155,0.0011542,0.0011476,-0.641,3861563.29,4466.53227949
1517174980607,0.0011786,0.0011339,0.0011476,0.01,0.0011481,11,0.00115666,0.001155,0.0011542,0.0011481,-0.597,3861563.42,4466.53241718
1517174986827,0.0011786,0.0011339,0.0011465,28.78,0.001148,118.43,0.00115666,0.0011549,0.001155,0.0011465,-0.727,3861565.27,4466.53431207
1517174992060,0.0011786,0.0011339,0.0011466,434.4,0.001148,101.45,0.00115666,0.0011546,0.0011549,0.001148,-0.572,3861574.24,4466.54455437
1517174997878,0.0011786,0.0011339,0.0011465,26.12,0.0011486,41.54,0.00115666,0.0011551,0.0011549,0.0011486,-0.563,3861723.16,4466.70887434
1517175003889,0.0011786,0.0011339,0.0011466,13,0.0011487,37.7,0.00115666,0.0011552,0.0011549,0.0011487,-0.563,3861727.11,4466.71307943
1517175009455,0.0011786,0.0011339,0.0011465,26.12,0.0011487,37.7,0.00115666,0.0011552,0.0011549,0.0011466,-0.744,3861740.11,4466.72798523
1517175015030,0.0011786,0.0011339,0.0011465,17.71,0.0011486,101.48,0.00115666,0.0011555,0.0011556,0.001148,-0.649,3858678.16,4463.1894955
1517175020396,0.0011786,0.0011339,0.0011468,65.52,0.0011486,90.84,0.00115666,0.0011555,0.0011556,0.0011486,-0.597,3858688.95,4463.20188858
1517175026187,0.0011786,0.0011339,0.0011468,65.52,0.0011486,68.47,0.00115666,0.0011556,0.0011555,0.0011486,-0.606,3857956.34,4462.35513322
1517175031445,0.0011786,0.0011339,0.0011465,17.71,0.0011486,68.47,0.00115666,0.001155,0.0011556,0.0011486,-0.554,3857951.27,4462.34927433
1517175037517,0.0011786,0.0011339,0.0011465,17.71,0.0011485,6.43,0.00115666,0.0011556,0.0011554,0.0011485,-0.614,3857268.93,4461.5609027
1517175041818,0.0011786,0.0011339,0.0011465,17.71,0.0011485,5.46,0.00115666,0.0011555,0.0011555,0.0011485,-0.606,3857204.38,4461.48628648
1517175049071,0.0011786,0.0011339,0.0011459,65.52,0.0011465,375.41,0.00115666,0.0011556,0.0011555,0.0011465,-0.787,3855679.56,4459.72361459
1517175054486,0.0011786,0.0011339,0.001146,43.61,0.0011465,308.88,0.00115666,0.0011567,0.0011556,0.0011465,-0.882,3855759.09,4459.81471146
1517175060178,0.0011786,0.0011339,0.0011462,13.44,0.0011487,36.71,0.00115666,0.0011556,0.001157,0.0011487,-0.597,3854663.84,4458.54600874
1517175065578,0.0011786,0.0011339,0.0011462,9.55,0.0011485,1423.84,0.00115666,0.0011549,0.0011555,0.0011462,-0.753,3854378.27,4458.21599593
1517175071514,0.0011786,0.0011339,0.0011461,16.63,0.0011485,44.66,0.00115666,0.0011543,0.0011555,0.0011485,-0.502,3855790.92,4459.83819869
1517175077027,0.0011786,0.0011339,0.0011461,16.63,0.0011484,12.9,0.00115666,0.0011543,0.0011555,0.0011485,-0.502,3855827.26,4459.87993518
1517175082425,0.0011786,0.0011339,0.001146,43.61,0.0011482,12.9,0.00115666,0.0011554,0.0011554,0.0011484,-0.606,3855800.12,4459.84852272
1517175088323,0.0011786,0.0011339,0.0011461,65.52,0.001148,12.7,0.00115666,0.0011543,0.0011543,0.0011481,-0.537,3853579.41,4457.28275783
1517175093560,0.0011786,0.0011339,0.001146,43.61,0.001148,0.02,0.00115666,0.0011554,0.0011543,0.001148,-0.64,3853525.93,4457.22093173
1517175099440,0.0011786,0.0011339,0.0011463,65.52,0.0011484,3.08,0.00115666,0.0011553,0.0011543,0.0011484,-0.597,3853505.55,4457.19739169
1517175103432,0.0011786,0.0011339,0.0011466,65.52,0.0011484,3.06,0.00115666,0.0011543,0.0011553,0.0011484,-0.511,3853503.41,4457.19491921
1517175110786,0.0011786,0.0011339,0.0011484,0.03,0.0011485,27.01,0.00115666,0.0011543,0.0011554,0.0011484,-0.511,3852660.71,4456.22135981
1517175115596,0.0011786,0.0011339,0.001147,65.52,0.0011484,44.97,0.00115666,0.0011554,0.0011554,0.0011484,-0.606,3852655.21,4456.21434021
1517175120737,0.0011786,0.0011339,0.0011473,13,0.0011484,32.64,0.00115666,0.0011543,0.0011554,0.0011484,-0.511,3852660.86,4456.22078191
1517175127334,0.0011786,0.0011339,0.0011473,13,0.0011484,15.85,0.00115666,0.0011545,0.0011567,0.0011484,-0.528,3852498.46,4456.03320276
1517175132854,0.0011786,0.0011339,0.0011474,53.08,0.0011484,1.55,0.00115666,0.0011544,0.0011545,0.0011474,-0.606,3852529.67,4456.06897642
1517175138471,0.0011786,0.0011339,0.0011474,41.93,0.0011484,1.55,0.00115666,0.0011544,0.0011544,0.0011481,-0.546,3851043.54,4454.35237862
1517175144144,0.0011786,0.0011339,0.0011468,65.52,0.0011481,5,0.00115666,0.0011543,0.0011543,0.0011486,-0.494,3851030.94,4454.33782376
1517175149454,0.0011786,0.0011339,0.0011464,65.52,0.0011485,9,0.00115666,0.0011566,0.0011543,0.0011485,-0.7,3851586.27,4454.97508555
1517175154459,0.0011786,0.0011339,0.0011463,234.46,0.0011484,12.97,0.00115666,0.0011554,0.0011544,0.0011485,-0.597,3851069.72,4454.37864963
1517175160316,0.0011786,0.0011339,0.0011466,206.06,0.0011484,12.97,0.00115666,0.0011554,0.0011554,0.0011466,-0.762,3851153.76,4454.47496228
1517175166470,0.0011786,0.0011339,0.0011465,245.13,0.0011479,34.64,0.00115666,0.0011566,0.0011566,0.0011479,-0.752,3851329.42,4454.67646582
1517175171382,0.0011786,0.0011339,0.0011464,0.02,0.0011483,65.51,0.00115666,0.0011544,0.0011567,0.0011464,-0.693,3851433.99,4454.79636152
1517175176467,0.0011786,0.0011339,0.0011467,5,0.0011484,12.97,0.00115666,0.0011544,0.0011567,0.0011483,-0.528,3851499.5,4454.87158665
1517175183535,0.0011786,0.0011339,0.0011484,3,0.0011485,127.69,0.00115666,0.0011566,0.0011567,0.0011485,-0.7,3851512.57,4454.88656228
1517175188607,0.0011786,0.0011339,0.0011484,0.02,0.0011485,0.01,0.00115666,0.0011541,0.0011566,0.0011485,-0.485,3851280.98,4454.61764664
1517175193468,0.0011786,0.0011339,0.0011484,0.02,0.0011488,23.82,0.00115666,0.001156,0.0011541,0.0011488,-0.623,3851285.73,4454.62308275
1517175200251,0.0011786,0.0011339,0.0011519,885.48,0.0011525,16.27,0.00115665,0.001156,0.0011541,0.0011519,-0.355,3856371.29,4460.47870333
1517175206018,0.0011786,0.0011339,0.0011519,782.5,0.0011524,1866.23,0.00115665,0.0011545,0.0011545,0.0011524,-0.182,3856429.86,4460.54601903
1517175211668,0.0011786,0.0011339,0.001152,47.87,0.0011545,98.2,0.00115665,0.0011545,0.0011545,0.001152,-0.217,3856694.38,4460.85092034
1517175217030,0.0011786,0.0011339,0.0011522,15,0.0011544,3.07,0.00115665,0.0011545,0.0011545,0.0011544,-0.009,3856694.81,4460.85141453
1517175222627,0.0011786,0.0011339,0.0011519,660.43,0.001154,648.8,0.00115665,0.0011565,0.0011565,0.001154,-0.216,3856181.08,4460.25691276
1517175228424,0.0011786,0.0011339,0.0011519,660.43,0.0011535,2.98,0.00115665,0.0011566,0.0011565,0.0011537,-0.251,3856116.94,4460.18272926
1517175233656,0.0011786,0.0011339,0.0011519,653.79,0.0011536,0.73,0.00115665,0.0011565,0.0011566,0.0011536,-0.251,3856148.79,4460.21924218
1517175239026,0.0011786,0.0011339,0.001152,13.77,0.0011536,0.47,0.00115665,0.0011546,0.0011565,0.0011536,-0.087,3856221.18,4460.3026659
1517175245185,0.0011786,0.0011339,0.001152,13,0.0011535,58.14,0.00115665,0.0011567,0.0011567,0.0011535,-0.277,3855542.6,4459.5177374
1517175250284,0.0011786,0.0011339,0.0011519,636.98,0.0011532,2.18,0.00115665,0.0011564,0.0011566,0.0011533,-0.268,3855574.91,4459.55494956
1517175256143,0.0011786,0.0011339,0.001152,1.81,0.0011529,97.32,0.00115665,0.0011545,0.0011548,0.0011519,-0.225,3855894.02,4459.92228632
1517175261923,0.0011786,0.0011339,0.0011519,236.98,0.001152,431.91,0.00115665,0.0011545,0.0011545,0.001152,-0.217,3855878.18,4459.90397977
1517175266928,0.0011786,0.0011339,0.0011519,214.98,0.001152,411.01,0.00115665,0.0011543,0.0011548,0.0011519,-0.208,3855890.35,4459.91791519
1517175273034,0.0011786,0.0011339,0.0011519,155.69,0.001152,410.98,0.00115665,0.0011547,0.0011543,0.0011519,-0.242,3855945.18,4459.98106964
1517175278972,0.0011786,0.0011339,0.0011514,39.68,0.0011519,18.76,0.00115665,0.0011543,0.0011547,0.0011514,-0.251,3855133.66,4459.04335475
1517175285298,0.0011786,0.0011339,0.0011515,637.28,0.0011519,138.97,0.00115665,0.0011543,0.0011548,0.0011519,-0.208,3855146.59,4459.05812438
1517175291309,0.0011786,0.0011339,0.0011514,0.07,0.0011519,0.31,0.00115665,0.0011545,0.0011545,0.0011515,-0.26,3855793.06,4459.80244174
1517175296890,0.0011786,0.0011339,0.0011514,0.07,0.0011518,96.33,0.00115665,0.0011548,0.0011548,0.0011515,-0.286,3855790.93,4459.79998262
1517175302592,0.0011786,0.0011339,0.001151,153.49,0.0011513,1282.18,0.00115665,0.0011546,0.0011546,0.001151,-0.312,3855806.7,4459.81801241
1517175308177,0.0011786,0.0011339,0.001151,153.49,0.0011513,96.01,0.00115665,0.0011545,0.0011545,0.0011513,-0.277,3857243.17,4461.46983375
1517175312264,0.0011786,0.0011339,0.0011511,538.96,0.0011515,5.52,0.00115665,0.0011547,0.0011547,0.0011515,-0.277,3855890.44,4459.9073936
1517175318861,0.0011786,0.0011339,0.001151,126.63,0.0011512,13,0.00115665,0.0011547,0.0011547,0.0011511,-0.312,3856411.08,4460.50663636
1517175324787,0.0011786,0.0011339,0.001151,117.5,0.0011512,13,0.00115665,0.0011544,0.0011548,0.001151,-0.295,3856378.61,4460.46909195
1517175329981,0.0011786,0.0011339,0.001151,145.85,0.0011512,5.09,0.00115665,0.0011544,0.0011543,0.001151,-0.295,3856257.74,4460.3294571
1517175335507,0.0011786,0.0011339,0.001151,107.97,0.0011514,205.06,0.00115665,0.0011544,0.0011543,0.001151,-0.295,3856316.05,4460.39657904
1517175341088,0.0011786,0.0011339,0.001151,41.19,0.0011514,153.59,0.00115665,0.0011544,0.0011543,0.0011514,-0.26,3856438.83,4460.53792121
1517175347102,0.0011786,0.0011339,0.0011508,4,0.0011514,142.74,0.00115665,0.0011551,0.0011544,0.0011514,-0.32,3856503.81,4460.61270766
1517175352697,0.0011786,0.0011339,0.0011506,26,0.0011513,16.7,0.00115665,0.0011563,0.0011562,0.0011481,-0.709,3856501.99,4460.61022635
1517175358417,0.0011786,0.0011339,0.0011506,26,0.0011513,12.7,0.00115665,0.0011563,0.0011549,0.0011513,-0.432,3856492.78,4460.59957485
1517175364009,0.0011786,0.0011339,0.0011511,1.82,0.0011512,1509.64,0.00115665,0.0011562,0.0011562,0.0011513,-0.424,3856474.95,4460.57896868
1517175369457,0.0011786,0.0011339,0.0011506,12.98,0.0011512,2.54,0.00115664,0.0011562,0.0011548,0.0011506,-0.484,3857936.63,4462.26133988
1517175374505,0.0011786,0.0011339,0.0011506,12.98,0.0011513,6.81,0.00115664,0.0011562,0.0011562,0.0011513,-0.424,3857874.2,4462.18914313
1517175379233,0.0011786,0.0011339,0.0011506,12.98,0.0011513,6.81,0.00115664,0.0011566,0.0011562,0.0011513,-0.458,3857835.8,4462.14474505
1517175386357,0.0011786,0.0011339,0.0011506,12.98,0.0011509,78.08,0.00115664,0.0011566,0.0011563,0.0011513,-0.458,3856512.31,4460.61432018
1517175391461,0.0011786,0.0011339,0.0011506,12.98,0.0011508,24.71,0.00115664,0.0011563,0.0011562,0.0011509,-0.467,3856393.95,4460.47709721
1517175397118,0.0011786,0.0011339,0.0011507,1343.96,0.0011508,4.71,0.00115664,0.0011563,0.0011563,0.0011507,-0.484,3856387.42,4460.46871916
1517175402259,0.0011786,0.0011339,0.0011506,2.99,0.0011508,0.55,0.00115664,0.0011568,0.0011568,0.0011508,-0.519,3857721.5,4462.00368196
1517175408152,0.0011786,0.0011339,0.0011508,0.02,0.0011509,439.35,0.00115664,0.0011568,0.0011568,0.0011508,-0.519,3857733.64,4462.01763878
1517175413284,0.0011786,0.0011339,0.00115,0.18,0.0011513,73.01,0.00115664,0.001157,0.001157,0.00115,-0.605,3857835.16,4462.13439266
1517175419450,0.0011786,0.0011339,0.00115,10.18,0.0011513,71.95,0.00115664,0.0011563,0.0011573,0.0011509,-0.467,3857024.46,4461.19636142
1517175425160,0.0011786,0.0011339,0.00115,0.01,0.0011513,0.05,0.00115664,0.0011573,0.0011563,0.00115,-0.631,3857076.57,4461.25619264
1517175430608,0.0011786,0.0011339,0.00115,0.01,0.001152,0.01,0.00115664,0.0011572,0.0011564,0.001152,-0.449,3857204.64,4461.40333247
1517175436203,0.0011786,0.0011339,0.00115,0.01,0.001152,0.01,0.00115664,0.0011564,0.0011572,0.001152,-0.38,3855495.83,4459.42589756
1517175441856,0.0011786,0.0011339,0.0011506,230.57,0.001154,2.17,0.00115664,0.0011573,0.0011573,0.0011506,-0.579,3856008.62,4460.0156256
1517175446728,0.0011786,0.0011339,0.0011508,223.59,0.001154,2.17,0.00115664,0.0011568,0.0011579,0.0011507,-0.527,3855862.2,4459.84600922
1517175452982,0.0011786,0.0011339,0.0011509,5,0.0011537,47.67,0.00115664,0.0011563,0.0011563,0.0011505,-0.502,3855836.57,4459.81636393
1517175458620,0.0011786,0.0011339,0.001151,229.6,0.0011537,217.92,0.00115664,0.0011568,0.0011567,0.001154,-0.242,3853073.68,4456.62078429
1517175464285,0.0011786,0.0011339,0.0011514,5,0.0011537,265.59,0.00115664,0.0011576,0.0011568,0.0011515,-0.527,3853085.05,4456.63386985
1517175469878,0.0011786,0.0011339,0.0011508,10.4,0.0011537,200.24,0.00115664,0.0011579,0.0011565,0.0011537,-0.363,3853280.53,4456.85875358
1517175476630,0.0011786,0.0011339,0.0011512,235.08,0.0011535,8.4,0.00115664,0.001158,0.0011579,0.0011511,-0.596,3852818.6,4456.32375663
1517175481844,0.0011786,0.0011339,0.0011516,65.51,0.0011536,13.31,0.00115664,0.001158,0.001158,0.0011536,-0.38,3852886.58,4456.40208822
1517175487430,0.0011786,0.0011339,0.0011516,310.33,0.0011534,2.73,0.00115664,0.001158,0.001158,0.0011536,-0.38,3852886.58,4456.40208822
1517175493184,0.0011786,0.0011339,0.0011514,253.5,0.0011517,278.87,0.00115664,0.0011567,0.0011567,0.0011537,-0.259,3852892.9,4456.40936276
1517175498450,0.0011786,0.0011339,0.0011514,232.94,0.0011517,251.74,0.00115664,0.0011581,0.001158,0.0011517,-0.553,3852532.13,4455.99139637
1517175504552,0.0011786,0.0011339,0.0011513,13,0.0011517,242.22,0.00115664,0.001159,0.001159,0.0011517,-0.63,3852523.47,4455.9812992
1517175510221,0.0011786,0.0011339,0.0011518,15,0.0011529,20.91,0.00115664,0.0011581,0.001158,0.0011529,-0.449,3852778.9,4456.27547102
1517175515819,0.0011786,0.0011339,0.0011519,462.2,0.0011529,12.23,0.00115664,0.001158,0.0011582,0.0011519,-0.527,3850589.86,4453.73564321
1517175521445,0.0011786,0.0011339,0.0011518,13,0.0011524,168.07,0.00115664,0.001158,0.001158,0.0011524,-0.484,3850945.7,4454.14486995
1517175526689,0.0011786,0.0011339,0.0011518,12.93,0.0011524,0.01,0.00115664,0.001158,0.001158,0.0011524,-0.484,3851113.83,4454.33862291
1517175532679,0.0011786,0.0011339,0.001152,0.05,0.0011531,0.03,0.00115663,0.001158,0.001158,0.001153,-0.432,3853692.91,4457.31177996
1517175537560,0.0011786,0.0011339,0.001152,0.06,0.0011535,42.6,0.00115663,0.001158,0.001158,0.0011535,-0.389,3853580.86,4457.18189806
1517175543694,0.0011786,0.0011339,0.001151,238.19,0.0011535,113.15,0.00115663,0.001158,0.001158,0.0011535,-0.389,3853899.58,4457.54875505
1517175549044,0.0011786,0.0011339,0.0011513,63.95,0.0011536,28.37,0.00115663,0.0011578,0.0011571,0.0011513,-0.561,3851750.67,4455.06085417
1517175554126,0.0011786,0.0011339,0.0011517,13,0.0011537,360.64,0.00115663,0.0011565,0.0011575,0.0011537,-0.242,3851851.2,4455.17676291
1517175560708,0.0011786,0.0011339,0.0011515,65.51,0.0011537,288.98,0.00115663,0.0011563,0.0011564,0.0011537,-0.225,3851927.09,4455.26425622
1517175566479,0.0011786,0.0011339,0.0011517,0.08,0.0011536,931.34,0.00115663,0.0011563,0.0011564,0.0011517,-0.398,3852097.51,4455.46073695
1517175572022,0.0011786,0.0011339,0.0011507,827.02,0.0011527,5.05,0.00115663,0.0011569,0.0011563,0.0011506,-0.545,3852470.96,4455.89064644
1517175577431,0.0011786,0.0011339,0.0011509,254.53,0.0011528,12.84,0.00115663,0.0011569,0.0011563,0.0011509,-0.519,3852516.17,4455.94272412
1517175583245,0.0011786,0.0011339,0.0011512,11.08,0.0011527,3.54,0.00115663,0.0011569,0.0011563,0.0011512,-0.493,3852522.23,4455.9497067
1517175588657,0.0011786,0.0011339,0.001152,4.11,0.0011527,3.54,0.00115663,0.0011573,0.0011564,0.001152,-0.458,3850289.91,4453.36783489
1517175593545,0.0011786,0.0011339,0.001152,0.05,0.0011537,206.93,0.00115663,0.0011563,0.0011563,0.0011528,-0.303,3850341.02,4453.42662151
1517175600039,0.0011786,0.0011339,0.0011511,65.51,0.0011525,11.46,0.00115663,0.0011571,0.0011573,0.0011526,-0.389,3851347.75,4454.58680878
1517175605734,0.0011786,0.0011339,0.001151,65.51,0.0011527,0.01,0.00115663,0.001157,0.0011571,0.0011526,-0.38,3852466.03,4455.8755657
1517175610171,0.0011786,0.0011339,0.001151,67.71,0.0011534,224.31,0.00115663,0.0011565,0.001157,0.0011534,-0.268,3852346.36,4455.73710699
1517175616980,0.0011786,0.0011339,0.0011515,1.75,0.0011534,224.31,0.00115663,0.001157,0.001157,0.0011534,-0.311,3851507.21,4454.76624086
1517175622036,0.0011786,0.0011339,0.0011512,13,0.0011533,28.25,0.00115663,0.0011563,0.0011571,0.0011534,-0.251,3851566.67,4454.83472743
1517175628091,0.0011786,0.0011339,0.0011512,11.12,0.0011532,297.19,0.00115663,0.0011568,0.0011563,0.0011512,-0.484,3851820.23,4455.12698526
1517175633628,0.0011786,0.0011339,0.0011528,5,0.0011532,270.13,0.00115663,0.0011568,0.0011563,0.0011532,-0.311,3851864.51,4455.17804722
1517175639214,0.0011786,0.0011339,0.0011529,855.16,0.0011535,93.35,0.00115663,0.0011567,0.0011563,0.0011535,-0.277,3852363.16,4455.7531304
1517175644660,0.0011786,0.0011339,0.0011528,5,0.0011529,0.03,0.00115663,0.0011567,0.0011563,0.0011529,-0.329,3853361.58,4456.90424292
1517175650629,0.0011786,0.0011339,0.0011525,15.95,0.0011537,198.26,0.00115663,0.0011563,0.0011567,0.0011528,-0.303,3853369.95,4456.91387912
1517175655764,0.0011786,0.0011339,0.0011535,64.02,0.0011537,0.12,0.00115663,0.001157,0.001157,0.0011535,-0.303,3853545.55,4457.11639674
1517175661870,0.0011786,0.0011339,0.0011535,7.14,0.0011547,35.16,0.00115663,0.0011569,0.001157,0.0011547,-0.19,3853673.32,4457.26380664
1517175666798,0.0011786,0.0011339,0.0011535,7.14,0.001155,57.4,0.00115663,0.001157,0.0011563,0.001155,-0.173,3852763.94,4456.21167207
1517175672638,0.0011786,0.0011339,0.0011547,0.01,0.001155,57.4,0.00115663,0.001157,0.0011563,0.0011547,-0.199,3852770.16,4456.21885429
1517175678443,0.0011786,0.0011339,0.0011547,0.01,0.001155,46.94,0.00115663,0.001157,0.0011564,0.001155,-0.173,3851243.98,4454.45396509
1517175684277,0.0011786,0.0011339,0.0011536,606.45,0.0011547,0.1,0.00115663,0.001157,0.0011571,0.0011547,-0.199,3851219.46,4454.42549766
1517175689917,0.0011786,0.0011339,0.0011537,65.51,0.001155,0.12,0.00115663,0.0011571,0.001157,0.0011547,-0.207,3851210.75,4454.41542019
1517175694551,0.0011786,0.0011339,0.0011536,13,0.0011551,9.14,0.00115663,0.001157,0.0011571,0.0011551,-0.164,3851209.65,4454.41414367
1517175701112,0.0011786,0.0011339,0.0011535,45.92,0.0011547,16,0.00115663,0.001157,0.001157,0.0011535,-0.303,3851303.32,4454.52218187
1517175706647,0.0011786,0.0011339,0.0011535,1174.96,0.0011546,13.52,0.00115663,0.0011571,0.0011571,0.0011546,-0.216,3851382.59,4454.61353661
1517175712228,0.0011786,0.0011339,0.0011535,1174.48,0.0011547,0.06,0.00115663,0.0011563,0.0011563,0.0011547,-0.138,3851362.52,4454.59027271
1517175716097,0.0011786,0.0011339,0.0011535,65.51,0.0011551,0.49,0.00115663,0.0011563,0.0011563,0.0011551,-0.104,3851392.57,4454.62497056
1517175723285,0.0011786,0.0011339,0.0011536,142.12,0.0011551,65.51,0.00115663,0.0011566,0.0011571,0.0011537,-0.251,3851620.13,4454.8875019
1517175728398,0.0011786,0.0011339,0.0011535,4,0.0011551,73.12,0.00115663,0.0011571,0.0011563,0.0011536,-0.302,3849787.19,4452.76662195
1517175733168,0.0011786,0.0011339,0.0011534,229.56,0.0011546,2,0.00115663,0.0011567,0.0011571,0.0011534,-0.285,3849631.6,4452.58638784
1517175739342,0.0011786,0.0011339,0.0011534,202.67,0.0011551,65.12,0.00115663,0.001157,0.001157,0.0011534,-0.311,3848474.27,4451.2479417
1517175744121,0.0011786,0.0011339,0.0011534,242.44,0.0011551,52.14,0.00115663,0.001157,0.001157,0.0011551,-0.164,3848457.36,4451.22835208
1517175748823,0.0011786,0.0011339,0.0011534,240.44,0.0011551,49.14,0.00115663,0.0011569,0.0011569,0.0011551,-0.156,3848448.49,4451.21807799
1517175756937,0.0011786,0.0011339,0.0011535,683.87,0.0011551,40.49,0.00115663,0.0011563,0.0011567,0.0011551,-0.104,3848469.12,4451.24186506
1517175760235,0.0011786,0.0011339,0.0011535,14.44,0.0011551,1180.41,0.00115663,0.0011563,0.0011567,0.0011535,-0.242,3848965.13,4451.81403275
1517175766826,0.0011786,0.0011339,0.0011535,14.44,0.0011551,1171.76,0.00115663,0.0011563,0.0011567,0.0011551,-0.104,3848973.78,4451.82402436
1517175773497,0.0011786,0.0011339,0.0011534,231.01,0.0011551,1171.76,0.00115663,0.0011563,0.0011567,0.0011534,-0.251,3849004.05,4451.85893922
1517175779331,0.0011786,0.0011339,0.0011535,65.51,0.0011549,14.54,0.00115663,0.0011568,0.0011568,0.0011551,-0.147,3846860.58,4449.3804388
1517175784635,0.0011786,0.0011339,0.0011536,1697.51,0.0011547,14.54,0.00115663,0.0011569,0.0011569,0.0011551,-0.156,3846850.58,4449.36887013
1517175790234,0.0011786,0.0011339,0.0011535,57.81,0.0011548,1.04,0.00115663,0.0011568,0.0011569,0.0011535,-0.285,3848580.54,4451.36457583
1517175795551,0.0011786,0.0011339,0.0011536,1549.57,0.0011549,7.7,0.00115663,0.0011567,0.0011568,0.001155,-0.147,3848583.82,4451.36830004
1517175801530,0.0011786,0.0011339,0.0011534,248.62,0.001155,343.73,0.00115662,0.0011566,0.0011567,0.0011535,-0.268,3848686.09,4451.48630702
1517175807328,0.0011786,0.0011339,0.0011535,826.91,0.0011546,8.91,0.00115662,0.0011566,0.0011567,0.0011546,-0.173,3848699.3,4451.50154684
1517175812608,0.0011786,0.0011339,0.0011534,240.62,0.0011546,35.73,0.00115662,0.0011566,0.0011567,0.0011546,-0.173,3849570.37,4452.50637078
1517175818378,0.0011786,0.0011339,0.0011535,0.21,0.0011549,127.04,0.00115662,0.0011566,0.0011566,0.0011549,-0.147,3849584.8,4452.52302778
1517175823789,0.0011786,0.0011339,0.0011535,65.51,0.001155,38.3,0.00115662,0.0011565,0.0011566,0.0011534,-0.268,3850135.96,4453.15937656
1517175829125,0.0011786,0.0011339,0.0011535,65.51,0.001155,47.89,0.00115662,0.0011566,0.0011565,0.001155,-0.138,3849122.05,4451.98678789
1517175835184,0.0011786,0.0011339,0.0011535,63.33,0.0011549,9.04,0.00115662,0.0011566,0.0011566,0.0011549,-0.147,3849059.09,4451.91394954
1517175839952,0.0011786,0.0011339,0.0011536,259.95,0.0011549,6.79,0.00115662,0.0011566,0.0011566,0.0011549,-0.147,3848943.62,4451.78039994
1517175846286,0.0011786,0.0011339,0.0011534,174.79,0.0011548,2.16,0.00115662,0.0011566,0.0011566,0.0011541,-0.216,3848947.44,4451.78481005
1517175851916,0.0011786,0.0011339,0.0011534,157.27,0.0011547,34.28,0.00115662,0.0011566,0.0011566,0.0011534,-0.277,3848960.56,4451.79994265
1517175857220,0.0011786,0.0011339,0.0011534,153.32,0.0011546,7,0.00115662,0.0011562,0.0011566,0.0011534,-0.242,3848923.59,4451.75713852
1517175863195,0.0011786,0.0011339,0.0011534,153.32,0.0011545,33.26,0.00115662,0.0011562,0.0011566,0.0011545,-0.147,3848924.59,4451.75829302
1517175868522,0.0011786,0.0011339,0.0011534,49.37,0.0011544,2.16,0.00115662,0.0011566,0.0011562,0.0011534,-0.277,3847535.25,4450.15164174
1517175874213,0.0011786,0.0011339,0.0011535,173.81,0.001155,4.66,0.00115662,0.0011566,0.0011566,0.001155,-0.138,3847559.61,4450.1797477
1517175879992,0.0011786,0.0011339,0.0011536,13,0.0011549,27.33,0.00115662,0.0011568,0.0011561,0.0011549,-0.164,3847773.19,4450.42609452
1517175884507,0.0011786,0.0011339,0.0011536,5.04,0.0011549,27.26,0.00115662,0.0011568,0.0011568,0.0011536,-0.277,3846211.62,4448.61970305
1517175891212,0.0011786,0.0011339,0.0011534,44.07,0.0011549,18.61,0.00115662,0.0011568,0.0011569,0.0011534,-0.294,3846193.29,4448.59845431
1517175896239,0.0011786,0.0011339,0.0011534,100.01,0.0011547,2.18,0.00115662,0.0011569,0.0011568,0.0011534,-0.303,3846233.95,4448.64533998
1517175902507,0.0011786,0.0011339,0.001152,45.82,0.0011544,59.43,0.00115662,0.0011568,0.0011569,0.0011523,-0.389,3846537.05,4448.99473094
1517175907969,0.0011786,0.0011339,0.0011522,1000.25,0.0011546,9,0.00115662,0.0011568,0.0011568,0.0011544,-0.207,3846104.33,4448.49414897
1517175913591,0.0011786,0.0011339,0.0011521,38.67,0.0011522,135.07,0.00115662,0.0011567,0.0011568,0.0011522,-0.389,3847116.07,4449.65986056
1517175919285,0.0011786,0.0011339,0.001152,43.62,0.0011522,57.41,0.00115662,0.0011569,0.0011568,0.0011522,-0.406,3845235.07,4447.48389978
1517175924706,0.0011786,0.0011339,0.001152,42.76,0.0011522,24.44,0.00115662,0.0011569,0.0011568,0.001152,-0.424,3845268.9,4447.52287853
1517175930393,0.0011786,0.0011339,0.001152,40.2,0.0011522,12.11,0.00115662,0.0011568,0.0011568,0.0011522,-0.398,3845269.45,4447.52344656
1517175935439,0.0011786,0.0011339,0.001152,3.08,0.0011522,11.4,0.00115662,0.0011567,0.0011568,0.0011522,-0.389,3845300.81,4447.55953388
1517175941400,0.0011786,0.0011339,0.0011521,1434.62,0.0011522,2.69,0.00115662,0.0011565,0.0011567,0.0011522,-0.372,3845302.58,4447.5615326
1517175947169,0.0011786,0.0011339,0.001152,0.01,0.0011521,2,0.00115662,0.0011565,0.0011567,0.0011541,-0.208,3847567.19,4450.17062298
1517175952478,0.0011786,0.0011339,0.001152,226.44,0.0011531,43.39,0.00115662,0.0011565,0.0011567,0.0011521,-0.38,3847569.19,4450.17292718
1517175958259,0.0011786,0.0011339,0.001152,191.68,0.0011529,38.32,0.00115662,0.0011564,0.0011564,0.001153,-0.294,3847390.9,4449.96651975
1517175963608,0.0011786,0.0011339,0.0011521,1524.1,0.0011531,35.31,0.00115662,0.0011567,0.0011564,0.0011521,-0.398,3845840.72,4448.1736641
1517175968756,0.0011786,0.0011339,0.0011522,0.01,0.0011531,17.01,0.00115662,0.0011567,0.0011567,0.0011531,-0.311,3845872.03,4448.20974703
1517175974252,0.0011786,0.0011339,0.0011522,0.03,0.0011531,11.85,0.00115662,0.0011567,0.0011567,0.0011531,-0.311,3845887.17,4448.22719597
