1517174953264,12244,11400,11946.81,0.0035,11954.85,0.010605,11818.22634381,11507,11506,11946.8,3.822,17365.001076,205223513.17667708
1517174958742,12244,11400,11950,0.075705,11959.91,0.511503,11818.22667666,11507,11506,11946.81,3.822,17365.045314,205224041.77134067
1517174964594,12244,11400,11950,0.005705,11959.94,0.002,11818.23309471,11512.96,11507,11959.95,3.883,17365.6309,205231073.81294417
1517174970084,12244,11400,11959.93,0.000014,11959.95,0.1607,11818.25159427,11507.2,11507.2,11959.93,3.934,17364.699281,205220384.96175048
1517174975712,12244,11400,11950.03,0.028767,11959.92,0.06,11818.25642432,11507.2,11507.2,11950.03,3.848,17364.67769,205220213.66607836
1517174981198,12244,11400,11950.06,0.0055,11959.95,0.1607,11818.25919166,11508,11512,11950.03,3.841,17364.946737,205223441.38723615
1517174986712,12244,11400,11950.14,0.000128,11959.8,0.0035,11818.26118551,11512.96,11512,11950.14,3.797,17365.08835,205225149.62981787
1517174992418,12244,11400,11950.14,0.115244,11959.81,0.002508,11818.26297422,11512,11512.96,11950.14,3.806,17365.310725,205227808.77713197
1517174998125,12244,11400,11941.3,0.163697,11942,2.862239,11818.26877422,11512,11512,11942,3.735,17366.04687,205236609.4554432
1517175003705,12244,11400,11941.3,0.162663,11942,0.005855,11818.29633309,11517.89,11517.89,11942,3.682,17368.772183,205269296.6006453
1517175009538,12244,11400,11949.91,0.0066,11949.92,0.0035,11818.30522696,11521.74,11522,11949.91,3.716,17368.31279,205264021.82945922
1517175014958,12244,11400,11941.47,0.00933,11942,0.499365,11818.3089053,11521.74,11521.74,11942,3.648,17368.486357,205266136.9845724
1517175020737,12244,11400,11942.99,0.000222,11959.8,0.4534,11818.3236668,11508.01,11521.74,11959.8,3.926,17368.519518,205266785.27680758
1517175026221,12244,11400,11942,0.563284,11949.97,0.000152,11818.34101051,11510.82,11507.21,11949.97,3.815,17368.983094,205272565.2106589
1517175032148,12244,11400,11949.97,0.007353,11959.71,0.0035,11818.3440565,11508,11507.28,11950,3.841,17368.944011,205272156.2201445
1517175037562,12244,11400,11942.02,0.01,11959.7,0.009994,11818.34739618,11508,11508,11942,3.771,17369.236004,205275665.10145244
1517175043309,12244,11400,11949.98,0.085682,11959,0.167884,11818.36042189,11510,11508.01,11959,3.901,17369.136855,205274719.56944808
1517175049089,12244,11400,11952.24,0.0002,11959,0.138065,11818.36145898,11508.01,11510,11959,3.919,17369.13113,205274669.92274845
1517175054703,12244,11400,11949.99,0.05,11950,3.567781,11818.36242134,11510,11508.01,11950,3.823,17369.217219,205275704.06908423
1517175059852,12244,11400,11949.99,0.05,11950,3.02547,11818.38679601,11509,11509,11950,3.832,17368.89225,205272286.82863706
1517175065532,12244,11400,11950,2.630721,11958.98,0.0034,11818.42597619,11510,11510,11950,3.823,17370.758963,205295028.95444772
1517175071326,12244,11400,11950.03,0.002,11959,0.050962,11818.43223999,11510,11510,11950,3.823,17370.765155,205295210.9411377
1517175077065,12244,11400,11959.81,0.722505,11969.96,0.0035,11818.50633146,11510.03,11521.7,11959.81,3.908,17372.274685,205314338.35650656
1517175082839,12244,11400,11959.81,0.000183,11969.96,0.000206,11818.5163243,11521.7,11521.7,11969.97,3.891,17372.762521,205320277.45256177
1517175087843,12244,11400,11960.03,0.003683,11969.95,0.000418,11818.54008075,11521.73,11510,11969.95,3.89,17371.401846,205304608.9757309
1517175093938,12244,11400,11960.03,0.00023,11969.94,0.0035,11818.55127416,11510.16,11510.15,11960.03,3.908,17370.814242,205297858.79302102
1517175098975,12244,11400,11959.81,0.261809,11969.95,1.768839,11818.55413246,11519.96,11510.16,11959.81,3.818,17370.998572,205300086.95802504
1517175105028,12244,11400,11955,0.882647,11969,1.513706,11818.56418137,11510.17,11510.17,11955,3.865,17371.420882,205305252.6154611
1517175110811,12244,11400,11959.82,0.000025,11968.99,0.00003,11818.58748843,11521.7,11521.7,11968.99,3.882,17374.076869,205337047.50701267
1517175116264,12244,11400,11955.01,0.000212,11959,3.253654,11818.60139344,11510.27,11521.7,11959,3.899,17375.174704,205350263.96795398
1517175121681,12244,11400,11955.01,0.000107,11959,3.256439,11818.6025092,11521.73,11521.73,11955.01,3.761,17375.141677,205349893.02157077
1517175127205,12244,11400,11955,0.514468,11955.01,5.849607,11818.61211705,11521.7,11510.36,11955.01,3.761,17375.735384,205357076.75199494
1517175132969,12244,11400,11955,0.480318,11955.01,5.998489,11818.63378884,11521.71,11521.74,11955,3.761,17374.582882,205343832.31626242
1517175138549,12244,11400,11955,0.480318,11955.01,5.532665,11818.63747997,11510.75,11510.7,11955.01,3.86,17374.778996,205346214.24828786
1517175143613,12244,11400,11955,0.3665,11955.01,4.481646,11818.64775225,11521.71,11510.7,11955,3.761,17375.91734,205359846.41368917
1517175149728,12244,11400,11950.03,8.885037,11951.32,0.199866,11818.66677209,11510.75,11521.71,11951.32,3.827,17378.413529,205389678.52683902
1517175155078,12244,11400,11950.03,8.885037,11951.32,0.2,11818.6692892,11510.75,11510.75,11955,3.859,17378.740044,205393581.2429706
1517175160890,12244,11400,11950.03,5.085037,11955,1.327242,11818.70184346,11510.75,11515,11950.03,3.816,17382.323434,205436498.01310283
1517175166669,12244,11400,11944.83,0.129462,11948.69,0.017,11818.77634804,11511.05,11511.05,11948.7,3.802,17392.00823,205552255.51363447
1517175172304,12244,11400,11947.83,0.062471,11948.7,0.012812,11818.77724719,11511.21,11511.05,11948.7,3.801,17392.098512,205553338.17454362
1517175177775,12244,11400,11944.85,0.0055,11955,1.004136,11818.78348324,11511.21,11511.21,11955,3.855,17392.691921,205560460.00507626
1517175183620,12244,11400,11944.87,0.0007,11955,0.261783,11818.7999078,11520.97,11511.21,11944.87,3.679,17392.986225,205564223.9924753
1517175189273,12244,11400,11944.83,0.04284,11945,1.70661,11818.81814296,11520.84,11520.96,11945,3.682,17394.068198,205577328.798365
1517175194761,12244,11400,11944.83,0.04284,11945,1.286329,11818.82814412,11521,11521,11945,3.68,17394.082278,205577669.16835442
1517175200454,12244,11400,11950.03,0.007044,11958.97,0.0054,11818.87070254,11521,11521,11958.97,3.802,17399.779821,205645747.95700663
1517175206028,12244,11400,11950.03,0.001089,11958.85,0.000321,11818.87541789,11521.71,11521.71,11958.85,3.794,17399.516022,205642712.19557407
1517175211325,12244,11400,11950.06,0.031563,11958.85,0.000321,11818.94676047,11521.74,11521.74,11945,3.674,17395.382125,205595095.21341634
1517175216911,12244,11400,11958.85,0.026886,11958.97,0.252738,11818.95343628,11524.04,11522,11958.97,3.774,17395.159175,205592576.30597597
1517175222634,12244,11400,11945,0.839709,11958,0.99029,11818.96075194,11524.61,11524.72,11958.85,3.768,17394.767107,205588069.7267503
1517175227500,12244,11400,11945,0.672838,11958,0.841299,11818.96405108,11524.72,11524.72,11958,3.76,17394.838804,205588974.4987214
1517175233734,12244,11400,11955,0.020225,11958,0.840207,11819.03184774,11530.1,11524.56,11958,3.711,17390.835257,205542835.76135132
1517175239164,12244,11400,11945,0.698049,11957,0.001363,11819.03399698,11530.1,11548.87,11945,3.598,17390.842476,205542958.46000683
1517175244974,12244,11400,11950.04,0.0035,11958,0.187608,11819.05327698,11527.02,11526.86,11945,3.626,17390.795745,205542741.43919823
1517175250573,12244,11400,11945,0.593641,11949.97,0.0004,11819.0581644,11527.51,11548.85,11950,3.665,17390.667602,205541311.90571916
1517175256136,12244,11400,11948.21,0.0002,11957.84,0.00086,11819.05825759,11547.6,11527.51,11957.84,3.553,17390.671466,205541359.195225
1517175261579,12244,11400,11948.22,0.0035,11957.84,0.009778,11819.06525102,11547.56,11537.64,11957.84,3.553,17390.264524,205536671.1417323
1517175267395,12244,11400,11950,0.096061,11957.84,0.008725,11819.06735325,11528,11528,11950,3.661,17390.259987,205536654.07691458
1517175272988,12244,11400,11957.84,0.062437,11958.85,3.802699,11819.07705089,11530,11530,11957.84,3.711,17390.097473,205534901.95588735
1517175277734,12244,11400,11957.84,0.127268,11958.85,3.505041,11819.08263726,11547,11537.38,11957.84,3.558,17390.212064,205536353.46387473
1517175284092,12244,11400,11957.84,0.062322,11958.85,3.498755,11819.08876166,11537.65,11547,11958.85,3.651,17389.934415,205533178.41035283
1517175289319,12244,11400,11958.09,0.0002,11958.85,3.473986,11819.09143804,11537.65,11537.65,11958.85,3.651,17389.812478,205531783.76790693
1517175295440,12244,11400,11958.09,0.0002,11958.85,3.418262,11819.14181909,11547,11550,11958.85,3.567,17386.655466,205495346.71222448
1517175301051,12244,11400,11957.84,0.061852,11958.85,3.283652,11819.14504222,11540.07,11550,11957.84,3.62,17386.689886,205495809.56675172
1517175306848,12244,11400,11950.01,0.0055,11958,0.0084,11819.19544647,11550,11559.78,11958,3.532,17383.810948,205462659.19885343
1517175312400,12244,11400,11952.23,0.0002,11957.99,0.0035,11819.20730359,11545,11545,11958.85,3.585,17383.871333,205463579.02361423
1517175317924,12244,11400,11955.11,0.969079,11958,0.032077,11819.20866655,11549.99,11549.99,11955.11,3.508,17383.98357,205464929.26969984
1517175323453,12244,11400,11955.11,0.425076,11955.84,0.039246,11819.22010307,11558.93,11550,11955.11,3.427,17384.11168,205466642.24221715
1517175329139,12244,11400,11955.11,0.386825,11955.48,0.035236,11819.23508453,11558.95,11558.95,11955.11,3.427,17383.507818,205459765.49464357
1517175334533,12244,11400,11955.11,0.135549,11955.2,0.036971,11819.23687846,11558.95,11559,11955.3,3.429,17383.416146,205458713.18637148
1517175340597,12244,11400,11950.03,0.024423,11952.61,0.036452,11819.24484343,11559.79,11558.95,11950.02,3.376,17383.665323,205461796.72883326
1517175345923,12244,11400,11950.03,0.014623,11952.61,0.036452,11819.27941051,11550.02,11558.95,11950.03,3.463,17381.332955,205434830.72219226
1517175351448,12244,11400,11950.02,0.645675,11951.32,0.029858,11819.33346437,11559.01,11559.01,11950.02,3.383,17377.848492,205394586.22021243
1517175357122,12244,11400,11951.22,0.048787,11951.32,0.02712,11819.42379552,11559.01,11559.01,11951.22,3.393,17372.06007,205327740.1685933
1517175362498,12244,11400,11950.03,0.062378,11951.2,0.587369,11819.43208838,11562.01,11560.51,11951.71,3.371,17372.401505,205331919.80033997
1517175368296,12244,11400,11950.32,0.017146,11950.62,0.041314,11819.43896181,11559.02,11560.51,11950.32,3.385,17372.685009,205335390.0665608
1517175373299,12244,11400,11950.02,0.047466,11950.32,0.032706,11819.44491834,11560.02,11560,11950.62,3.379,17372.636796,205334923.6966248
1517175378744,12244,11400,11950,0.081621,11950.17,0.030983,11819.46427048,11570,11570,11950,3.284,17372.529513,205333991.8668245
1517175384922,12244,11400,11949,0.195159,11950.32,0.000656,11819.48898154,11560.03,11560.03,11951.2,3.384,17371.360509,205320604.13049108
1517175390707,12244,11400,11945.02,0.0035,11949,0.000736,11819.49389544,11560.51,11560.02,11945.01,3.326,17371.847736,205326448.26819542
1517175395706,12244,11400,11949,0.620231,11949.57,0.178128,11819.50597127,11560.03,11560.03,11949,3.365,17372.435548,205333605.69515595
1517175401713,12244,11400,11949,0.168278,11950.91,0.023434,11819.51590831,11560.03,11567.32,11949,3.365,17372.551412,205335147.78207463
1517175407322,12244,11400,11945.03,0.0035,11949.95,0.0055,11819.52457149,11560.03,11560.02,11949.96,3.373,17372.2432,205331655.36438155
1517175412811,12244,11400,11949,0.15658,11949.48,0.000113,11819.52660289,11560.4,11560.03,11949,3.361,17372.179344,205330935.9065152
1517175418463,12244,11400,11949.96,0.000148,11950,0.106185,11819.529567,11560.4,11560.4,11950,3.37,17372.103246,205330087.9571234
1517175423881,12244,11400,11947,0.006118,11948,4.0939,11819.53335496,11560.4,11560.4,11948,3.353,17372.442631,205334165.13426387
1517175429639,12244,11400,11947.38,0.0002,11948,3.397067,11819.54717805,11560.4,11560.05,11948,3.353,17372.568012,205335887.221786
1517175435155,12244,11400,11932,0.555962,11945,0.500652,11819.57212701,11560.03,11560.5,11932,3.218,17374.922949,205364154.99702087
1517175440644,12244,11400,11933.76,0.0002,11944.99,0.930099,11819.59616491,11560.06,11567,11944.99,3.33,17375.612875,205372727.300359
1517175446111,12244,11400,11933.75,0.0002,11941.23,0.0002,11819.61079667,11561,11561,11930,3.192,17377.740782,205398132.5687392
1517175451701,12244,11400,11945,3.667345,11947.21,0.011773,11819.62473169,11561,11561,11945,3.322,17379.432039,205418364.75092208
1517175457412,12244,11400,11945,1.288003,11947.2,0.018872,11819.84340727,11560.25,11541.06,11947.2,3.347,17368.704629,205295368.90183207
1517175462942,12244,11400,11945,0.236793,11947.2,0.016948,11819.85399105,11541.16,11541.1,11945,3.499,17369.687433,205307169.32818937
1517175468429,12244,11400,11930,1.533753,11940.04,0.288495,11819.87292419,11541.41,11541.36,11944.97,3.497,17371.408537,205327841.42159083
1517175474136,12244,11400,11934.97,0.2,11937.53,0.0018,11819.87421777,11541.56,11541.41,11937.53,3.431,17371.413047,205327917.20047382
1517175479696,12244,11400,11938.03,0.001297,11942.48,0.0002,11819.87624103,11541.63,11541.62,11938.03,3.435,17371.486649,205328822.31380558
1517175484925,12244,11400,11938.03,0.129342,11941,0.945355,11819.88042562,11550.73,11541.63,11938.03,3.353,17371.313341,205326846.52654114
1517175490970,12244,11400,11934.97,0.00746,11938.02,0.0035,11819.88449331,11550.73,11541.63,11941,3.379,17371.921176,205334101.72720593
1517175496646,12244,11400,11930.05,0.0035,11937.26,0.0002,11819.88703146,11541.22,11541.41,11930.01,3.369,17372.292637,205338536.4468693
1517175502155,12244,11400,11930,4.212907,11938.02,1.850452,11819.91559169,11541.22,11541.22,11938.02,3.438,17375.834498,205380897.1014997
1517175507713,12244,11400,11930.01,0.000245,11937,0.94,11819.93287527,11541.17,11541.18,11938.02,3.439,17377.369179,205399337.24454632
1517175512971,12244,11400,11930.01,0.005308,11937,0.886255,11819.96151905,11541.22,11541,11930.01,3.369,17380.418496,205435877.8076396
1517175518910,12244,11400,11930,0.406523,11935.98,0.000112,11819.97070844,11541.62,11541,11930,3.365,17380.809462,205440658.72975627
1517175524621,12244,11400,11930,0.406523,11930.42,0.209396,11819.97486056,11541.4,11541.37,11930.42,3.371,17380.798872,205440605.7235337
1517175530173,12244,11400,11930.04,0.0035,11936,0.043915,11819.98098594,11550.71,11550.74,11930,3.284,17381.280956,205446410.41119868
1517175535795,12244,11400,11930.03,0.0035,11937,0.913861,11819.98621045,11543.31,11550.77,11930,3.35,17381.150858,205444963.4633607
1517175541248,12244,11400,11934.99,0.0069,11935,0.000066,11819.98804001,11550.73,11541.37,11934.99,3.327,17381.051289,205443818.35874996
1517175546012,12244,11400,11934.99,0.043134,11935.02,0.064963,11819.99617975,11550.77,11550.73,11935.02,3.327,17381.358212,205447587.66476166
1517175552499,12244,11400,11936,0.000119,11936.99,0.090999,11820.01328686,11551,11557.99,11936,3.333,17380.393154,205436478.01110044
1517175558154,12244,11400,11935,0.0002,11936,0.020145,11820.01605874,11554.13,11550.77,11936,3.305,17380.214318,205434412.34315816
1517175563566,12244,11400,11936.99,0.000068,11937,0.886434,11820.0345499,11550.81,11551,11936.99,3.343,17381.861537,205454203.90896076
1517175569219,12244,11400,11927.04,0.043098,11929.99,0.056421,11820.05944504,11551,11551,11929.99,3.281,17385.39579,205496411.71328354
1517175575094,12244,11400,11927.03,0.009012,11929.99,0.050665,11820.07303823,11547.02,11541.12,11929.99,3.317,17384.52716,205486380.7663353
1517175580807,12244,11400,11925.11,0.044032,11929.96,0.0035,11820.08452331,11547.02,11541.12,11930,3.317,17386.415134,205508896.44130406
1517175586295,12244,11400,11925.11,0.00507,11929.97,0.0055,11820.08870339,11551,11541,11925.11,3.239,17386.373125,205508472.56780356
1517175591862,12244,11400,11925.04,0.00005,11925.11,1.974642,11820.09378639,11541.12,11551,11925.11,3.327,17386.739743,205512894.40179366
1517175597355,12244,11400,11925.02,0.016865,11925.11,1.158601,11820.14615567,11530.14,11530.18,11925.11,3.426,17384.616947,205488713.17380282
1517175603112,12244,11400,11925.11,0.326645,11929.95,0.0035,11820.15802084,11536.42,11536.42,11925.11,3.369,17386.087319,205506299.47461995
1517175608579,12244,11400,11925.04,0.023095,11925.11,1.377629,11820.16670639,11534.63,11540,11925.11,3.385,17387.520208,205523387.46923336
1517175614396,12244,11400,11934.22,0.0002,11941.39,0.0002,11820.18179015,11540,11530.01,11930.63,3.385,17388.912791,205540110.32264316
1517175619845,12244,11400,11925.15,1,11936,0.065299,11820.18446641,11539.94,11530.1,11936,3.432,17389.007904,205541281.1131881
1517175625539,12244,11400,11936.02,0.0035,11950,0.001068,11820.23770225,11534,11548,11950.23,3.609,17392.796053,205586983.6531327
1517175631068,12244,11400,11950.92,0.989524,11955.48,0.035236,11820.26291404,11540,11540,11950.92,3.561,17393.129782,205591366.9212867
1517175636744,12244,11400,11950.92,0.189198,11955,0.783406,11820.2719157,11540,11530.01,11950.92,3.561,17393.863615,205600197.59396404
1517175641947,12244,11400,11936.07,0.013971,11950.14,0.102911,11820.27923244,11540,11540,11936.03,3.432,17393.916442,205600949.2901693
1517175647633,12244,11400,11936.07,0.013971,11951.75,0.0054,11820.28095796,11540,11540,11951.75,3.568,17394.125823,205603454.24597853
1517175653391,12244,11400,11936.17,0.01207,11952.18,0.1202,11820.28299845,11536.42,11540,11936.12,3.465,17394.025022,205602298.24220642
1517175658789,12244,11400,11940.15,0.000128,11948.17,0.0002,11820.28488703,11539.94,11539.94,11936.17,3.434,17393.925356,205601153.01162416
1517175664538,12244,11400,11942.12,0.023265,11948.17,0.0002,11820.28670993,11531.99,11530.39,11936.07,3.504,17394.041072,205602552.51525682
1517175669803,12244,11400,11939.58,0.0002,11946.48,0.0002,11820.28891034,11540,11540,11949.93,3.552,17394.135907,205603711.76638415
1517175675552,12244,11400,11936.12,0.913866,11941.83,0.1202,11820.28955013,11540,11540,11936.12,3.433,17394.231478,205604852.57196268
1517175681315,12244,11400,11936.12,0.860386,11946.43,0.0035,11820.29617405,11531.99,11540,11936.12,3.504,17393.928726,205601389.1715832
1517175686945,12244,11400,11941.83,0.271766,11946.44,0.0004,11820.29705483,11540,11533.99,11936.12,3.433,17393.930298,205601423.07334465
1517175692531,12244,11400,11941.83,0.271766,11945,0.000169,11820.29958662,11541.07,11541.07,11945,3.5,17393.835341,205600344.69093588
1517175697684,12244,11400,11941.83,0.252669,11945,0.023484,11820.30027313,11533.99,11531.99,11945,3.563,17393.857009,205600612.75431466
1517175703455,12244,11400,11941.83,0.202795,11949.98,0.0055,11820.30378115,11535,11545.98,11941.83,3.527,17393.748928,205599396.22202393
1517175708909,12244,11400,11937,0.352096,11945,0.093286,11820.31035823,11539.95,11539.96,11937,3.441,17393.652566,205598371.59341067
1517175714820,12244,11400,11936.12,1.122286,11947.94,0.236486,11820.31785687,11533.99,11539.95,11936.12,3.486,17393.974907,205602312.1951355
1517175720371,12244,11400,11937,0.035654,11947.19,0.0055,11820.32011228,11533.99,11539.92,11937,3.494,17393.919525,205601696.79279843
1517175725902,12244,11400,11947.2,0.03637,11947.21,0.297767,11820.34097483,11540,11540,11947.2,3.529,17393.382773,205595715.08258906
1517175731460,12244,11400,11937,0.074388,11947.18,0.056018,11820.48519848,11520,11521.99,11947.2,3.708,17385.424576,205504153.86990577
1517175736795,12244,11400,11937,0.060803,11947.18,0.019228,11820.55027933,11519.95,11510.75,11947.18,3.709,17381.772863,205462120.0709054
1517175742811,12244,11400,11938.12,0.241863,11947.21,0.000119,11820.60140641,11510.76,11506.47,11938.12,3.713,17379.208326,205432694.38060558
1517175748098,12244,11400,11940,0.946104,11947.2,0.000795,11820.61963072,11533.51,11510.8,11940,3.524,17379.48747,205436310.75967482
1517175754052,12244,11400,11942,0.000178,11947.91,0.00102,11820.620532,11510.8,11510.8,11942,3.746,17379.455668,205435950.5041207
1517175759465,12244,11400,11942,0.000053,11947.91,0.00102,11820.62130326,11531.56,11531.86,11942,3.559,17379.425916,205435612.2211205
1517175765359,12244,11400,11942,0.000083,11945,0.145631,11820.63053171,11510.81,11521.72,11945,3.772,17380.676415,205450554.29293355
1517175770652,12244,11400,11944.01,0.0035,11949.94,0.0035,11820.63732617,11521.72,11510.81,11949.95,3.717,17380.899534,205453309.7939962
1517175776364,12244,11400,11945.69,0.000192,11950,0.093431,11820.67819799,11530.99,11533.36,11945.69,3.596,17379.080101,205432513.25107732
1517175782367,12244,11400,11949.02,0.000084,11950,0.115203,11820.68575588,11511,11520.91,11949.02,3.805,17378.969229,205431334.0170455
1517175787721,12244,11400,11949.02,0.000084,11950,0.06794,11820.69289148,11520.88,11511.18,11950,3.725,17378.630532,205427454.39332667
1517175793498,12244,11400,11950,3.219233,11955.45,0.002,11820.70233032,11530.96,11530.99,11951.76,3.649,17378.920526,205431046.36010703
1517175799236,12244,11400,11950,2.976083,11955.48,0.057721,11820.70510555,11530,11519.91,11950,3.643,17379.106639,205433294.57760176
1517175804762,12244,11400,11959,0.000002,11959.91,1.036795,11820.72212272,11524.99,11519.91,11959.91,3.774,17380.301115,205447709.88963136
1517175810405,12244,11400,11955.47,0.054933,11960.99,0.0055,11820.7486037,11519.91,11524.99,11960.62,3.826,17381.712025,205464848.14948326
1517175816096,12244,11400,11959.91,0.038465,11965,0.199678,11820.76128105,11524.99,11530.98,11959.91,3.774,17381.364055,205460955.23325446
1517175821817,12244,11400,11959.91,0.06019,11965,0.16222,11820.76255398,11529.9,11512.26,11965,3.774,17381.369004,205461035.8594423
1517175826834,12244,11400,11957.04,0.0002,11965,0.033236,11821.18653843,11533.41,11533.41,11965,3.742,17356.028477,205168850.19300607
1517175832688,12244,11400,11960,1.367833,11964,0.42095,11821.20833405,11533.41,11533.41,11964,3.733,17355.176961,205159162.53023028
1517175838695,12244,11400,11959.91,0.00001,11963.97,0.01,11821.24414057,11533.41,11533.41,11959.91,3.698,17358.299019,205196690.56867272
1517175844204,12244,11400,11950.03,0.009509,11955.48,0.266464,11821.25459385,11533.41,11542,11950.03,3.612,17357.921814,205192412.9834012
1517175849732,12244,11400,11959.92,0.248928,11969.89,0.002308,11821.32443562,11533.41,11533.41,11959.92,3.698,17355.429758,205164165.88892946
1517175854977,12244,11400,11959.95,0.2,11960,0.07146,11821.42919846,11533.32,11511.04,11959.92,3.699,17349.88821,205100475.07562596
1517175860829,12244,11400,11959.92,0.074494,11969.96,0.0055,11821.44546428,11530.81,11512,11959.92,3.721,17349.70072,205098540.88313487
1517175866321,12244,11400,11959.92,6.321949,11969.95,0.012,11821.49501691,11513.32,11532.02,11950,3.793,17352.7976,205136010.35777575
1517175871487,12244,11400,11959.92,5.90688,11967.95,0.011988,11821.51078872,11530.81,11533.41,11959.92,3.721,17352.478264,205132509.00882795
1517175876197,12244,11400,11959.92,5.893647,11970,0.100676,11821.5158101,11515,11513.77,11959.92,3.864,17352.755989,205135879.2728103
1517175882957,12244,11400,11959.92,5.697102,11960,0.000247,11821.51760432,11529.92,11515,11959.92,3.729,17352.975641,205138507.02747673
1517175888810,12244,11400,11960,0.000925,11969.96,0.0055,11821.52366026,11515,11530.01,11960,3.865,17352.804697,205136591.29752094
1517175894743,12244,11400,11959.95,0.012999,11969.96,0.0019,11821.53032207,11515.01,11530,11959.93,3.864,17352.501656,205133124.49014217
1517175900015,12244,11400,11969.96,0.00002,11970,0.092902,11821.5307639,11530,11515.01,11970,3.816,17352.521801,205133370.3017284
1517175906458,12244,11400,11969.96,0.004608,11973.22,0.067,11821.53324284,11515.02,11515.02,11969.96,3.951,17352.670749,205135174.11133742
1517175911906,12244,11400,11969.96,0.222439,11971.28,0.137279,11821.53749569,11516,11516,11971.28,3.953,17352.855328,205137429.91717952
1517175917344,12244,11400,11960,2.228338,11971.25,0.002261,11821.54168063,11520,11520,11971.25,3.917,17353.165835,205141173.2093543
1517175922949,12244,11400,11970,0.035897,11971.3,0.2,11821.55384006,11529.97,11530.01,11970,3.816,17352.811877,205137199.88044593
1517175928951,12244,11400,11970,0.000358,11973.26,0.0499,11821.55972198,11517.13,11530.01,11970,3.932,17353.128892,205141049.56002596
1517175934156,12244,11400,11971.3,0.024325,11972.28,0.073437,11821.57557226,11519.44,11540,11971.3,3.923,17352.188987,205130213.45393178
1517175939937,12244,11400,11971.3,0.023733,11972.28,0.014196,11821.57816937,11519.59,11519.49,11972.28,3.93,17352.1295,205129555.28923255
1517175945520,12244,11400,11969.96,0.01347,11972.28,0.024561,11821.58249452,11529.97,11529.97,11972.28,3.836,17351.946747,205127469.91013217
1517175951452,12244,11400,11969.98,0.07948,11970,0.005251,11821.58851158,11530.81,11530.81,11969.98,3.809,17351.70914,205124765.42574963
1517175956972,12244,11400,11969.98,0.026537,11973.26,0.193,11821.59443387,11521.6,11530.81,11969.98,3.892,17351.455927,205121874.80609703
1517175962588,12244,11400,11970,0.000354,11972,3.776268,11821.59842783,11530.81,11529.97,11972,3.826,17351.733396,205125224.23430714
1517175968329,12244,11400,11969.97,0.008696,11971.49,0.0002,11821.6164847,11525,11530.81,11969.97,3.861,17352.039054,205129150.92397884
1517175973685,12244,11400,11963.74,0.0002,11969.25,0.0002,11821.63405286,11525,11525,11971.96,3.878,17354.074871,205153522.4509582
