1517174952814,0.00025299,0.00021408,0.00021981,459,0.00022055,713,0.0002315,0.00024499,0.000245,0.00021981,-10.278,5011058,1160.05241951
1517174957678,0.00025299,0.00021408,0.00021981,459,0.00022052,308,0.0002315,0.00024499,0.000245,0.00021981,-10.278,5011058,1160.05241951
1517174968867,0.00025299,0.00021408,0.00021981,459,0.0002205,308,0.0002315,0.000245,0.000245,0.00021981,-10.282,5010395,1159.88998601
1517174974924,0.00025299,0.00021408,0.00021936,35,0.00022047,713,0.0002315,0.000245,0.000245,0.00021936,-10.465,5011024,1160.02817
1517174980088,0.00025299,0.00021408,0.00021902,8459,0.00022045,713,0.0002315,0.000245,0.000245,0.00021936,-10.465,5011024,1160.02817
1517174985686,0.00025299,0.00021408,0.00021902,8459,0.00022042,308,0.00023149,0.00024403,0.000245,0.00021936,-10.109,5010509,1159.901995
1517174996889,0.00025299,0.00021408,0.00021902,8459,0.00022041,713,0.00023149,0.00024403,0.000245,0.00021936,-10.109,5010509,1159.901995
1517174998835,0.00025299,0.00021408,0.00021902,8459,0.0002204,308,0.00023149,0.00024403,0.000245,0.00021936,-10.109,5010509,1159.901995
1517175012278,0.00025299,0.00021408,0.00021902,8459,0.00022038,308,0.00023149,0.00024403,0.000245,0.00021936,-10.109,5010509,1159.901995
1517175037644,0.00025299,0.00021408,0.00021936,1500,0.00022035,713,0.00023147,0.00024546,0.00024402,0.00021936,-10.633,5000936,1157.56590717
1517175043369,0.00025299,0.00021408,0.00021936,1500,0.00022032,308,0.00023147,0.00024534,0.00024546,0.00021936,-10.589,5000935,1157.56566171
1517175045880,0.00025299,0.00021408,0.00021936,1500,0.0002203,308,0.00023147,0.00024534,0.00024546,0.00021936,-10.589,5000935,1157.56566171
1517175054382,0.00025299,0.00021408,0.00021936,1399,0.00022027,713,0.00023147,0.00024534,0.00024546,0.00021936,-10.589,5001240,1157.63256651
1517175056046,0.00025299,0.00021408,0.00021936,607,0.00022026,308,0.00023147,0.00024534,0.00024546,0.00021936,-10.589,5002032,1157.80629963
1517175065492,0.00025299,0.00021408,0.00021936,607,0.00022024,308,0.00023147,0.00024534,0.00024546,0.00021936,-10.589,5002032,1157.80629963
1517175076698,0.00025299,0.00021408,0.00021902,3602,0.00022021,713,0.00023146,0.00024534,0.00024546,0.00021903,-10.724,5004462,1158.33874284
1517175082847,0.00025299,0.00021408,0.00021902,3602,0.00022019,713,0.00023146,0.00024534,0.00024546,0.00021903,-10.724,5004462,1158.33874284
1517175085093,0.00025299,0.00021408,0.00021902,3602,0.00022018,2131,0.00023146,0.00024534,0.00024546,0.00021903,-10.724,5004462,1158.33874284
1517175099091,0.00025299,0.00021408,0.00021902,3602,0.00022017,713,0.00023146,0.00024534,0.00024546,0.00021903,-10.724,5004462,1158.33874284
1517175100495,0.00025299,0.00021408,0.00021902,3602,0.00022016,2131,0.00023146,0.00024534,0.00024546,0.00021903,-10.724,5004462,1158.33874284
1517175114488,0.00025299,0.00021408,0.00021902,3602,0.00022014,2131,0.00023146,0.00024534,0.00024534,0.00021903,-10.724,5002521,1157.8625379
1517175121464,0.00025299,0.00021408,0.00021902,3602,0.00022012,1901,0.00023146,0.00024534,0.00024534,0.00022014,-10.271,5002751,1157.9131701
1517175127092,0.00025299,0.00021408,0.00021902,3602,0.00021936,203,0.00023146,0.0002452,0.00024534,0.00022014,-10.22,5002742,1157.91096204
1517175132675,0.00025299,0.00021408,0.00021902,3602,0.00021936,203,0.00023146,0.0002452,0.00024534,0.00022014,-10.22,5002742,1157.91096204
1517175136876,0.00025299,0.00021408,0.00021902,3602,0.00022006,1794,0.00023145,0.0002452,0.00024534,0.00022008,-10.245,5003052,1157.97904068
1517175166293,0.00025299,0.00021408,0.00021902,3602,0.00022003,713,0.00023145,0.0002452,0.00024534,0.00022008,-10.245,5003052,1157.97904068
1517175167673,0.00025299,0.00021408,0.00021902,3602,0.00022002,1794,0.00023145,0.0002452,0.00024534,0.00022008,-10.245,5003052,1157.97904068
1517175177619,0.00025299,0.00021408,0.00021902,3602,0.00022,1794,0.00023145,0.0002452,0.00024534,0.00022008,-10.245,5003052,1157.97904068
1517175183084,0.00025299,0.00021408,0.00021902,3602,0.00021998,1794,0.00023145,0.0002452,0.00024534,0.00022008,-10.245,5003052,1157.97904068
1517175188688,0.00025299,0.00021408,0.00021902,3602,0.00021996,1794,0.00023145,0.0002452,0.00024534,0.00022008,-10.245,5003052,1157.97904068
1517175192880,0.00025299,0.00021408,0.00021936,2400,0.00021994,1794,0.00023145,0.0002452,0.00024534,0.00022008,-10.245,5003052,1157.97904068
1517175204080,0.00025299,0.00021408,0.00021936,2400,0.00021992,1794,0.00023145,0.0002452,0.00024534,0.00022008,-10.245,5003052,1157.97904068
1517175215300,0.00025299,0.00021408,0.00021936,2400,0.0002199,1794,0.00023145,0.0002452,0.00024534,0.00022008,-10.245,5003052,1157.97904068
1517175220870,0.00025299,0.00021408,0.00021936,2604,0.00021988,1794,0.00023145,0.0002452,0.00024534,0.00022008,-10.245,5003052,1157.97904068
1517175227890,0.00025299,0.00021408,0.00021936,2604,0.00021986,1794,0.00023145,0.0002452,0.00024534,0.00022008,-10.245,5003052,1157.97904068
1517175242507,0.00025299,0.00021408,0.00021936,2604,0.00021984,1794,0.00023145,0.0002452,0.0002452,0.00022008,-10.245,5002442,1157.82946868
1517175248876,0.00025299,0.00021408,0.00021936,2604,0.00021982,1794,0.00023145,0.0002452,0.0002452,0.00022008,-10.245,5002442,1157.82946868
1517175260092,0.00025299,0.00021408,0.00021936,2604,0.0002198,1794,0.00023145,0.0002452,0.0002452,0.00022008,-10.245,5002442,1157.82946868
1517175267694,0.00025299,0.00021408,0.00021936,204,0.00021978,1794,0.00023145,0.0002452,0.0002452,0.00022008,-10.245,5002442,1157.82946868
1517175289469,0.00025299,0.00021408,0.00021936,204,0.00021977,713,0.00023143,0.00024558,0.000245,0.00022008,-10.384,4995389,1156.09997159
1517175295089,0.00025299,0.00021408,0.00021936,204,0.00021975,713,0.00023143,0.00024558,0.000245,0.00022008,-10.384,4995389,1156.09997159
1517175296479,0.00025299,0.00021408,0.00021936,204,0.00021974,1794,0.00023143,0.00024558,0.000245,0.00022008,-10.384,4995389,1156.09997159
1517175309081,0.00025299,0.00021408,0.00021936,204,0.00021975,157,0.00023142,0.00024559,0.00024559,0.00021975,-10.522,4995397,1156.04120043
1517175338234,0.00025299,0.00021408,0.00021903,8774,0.00021975,157,0.0002314,0.000245,0.00024559,0.00021975,-10.306,4989509,1154.59516651
1517175345014,0.00025299,0.00021408,0.00021903,8774,0.00021975,157,0.0002314,0.000245,0.00024559,0.00021975,-10.306,4989509,1154.59516651
1517175358075,0.00025299,0.00021408,0.00021904,8773,0.00021975,548,0.0002314,0.000245,0.00024559,0.00021975,-10.306,4989509,1154.59516651
1517175361410,0.00025299,0.00021408,0.00021904,8773,0.00021975,548,0.0002314,0.000245,0.00024559,0.00021975,-10.306,4989509,1154.59516651
1517175364006,0.00025299,0.00021408,0.00021904,8773,0.00021975,548,0.0002314,0.000245,0.00024559,0.00021975,-10.306,4989509,1154.59516651
1517175374885,0.00025299,0.00021408,0.0002191,1813,0.00021975,548,0.0002314,0.000245,0.00024559,0.00021975,-10.306,4989509,1154.59516651
1517175378772,0.00025299,0.00021408,0.00021911,8770,0.00021975,345,0.0002314,0.000245,0.00024559,0.00021975,-10.306,4989712,1154.63977576
1517175383894,0.00025299,0.00021408,0.00021911,8770,0.00021975,345,0.0002314,0.000245,0.00024559,0.00021975,-10.306,4989712,1154.63977576
1517175391535,0.00025299,0.00021408,0.00021911,8770,0.00021975,345,0.0002314,0.000245,0.00024559,0.00021975,-10.306,4989712,1154.63977576
1517175404005,0.00025299,0.00021408,0.00021911,8770,0.00021975,345,0.0002314,0.000245,0.00024559,0.00021975,-10.306,4989712,1154.63977576
1517175410335,0.00025299,0.00021408,0.00021911,8770,0.00021975,345,0.0002314,0.000245,0.00024559,0.00021975,-10.306,4989712,1154.63977576
1517175419450,0.00025299,0.00021408,0.00021911,8770,0.00021999,2345,0.0002314,0.000245,0.00024559,0.00021975,-10.306,4989712,1154.63977576
1517175421991,0.00025299,0.00021408,0.00021911,8497,0.00021998,273,0.0002314,0.000245,0.00024559,0.00021911,-10.567,4989985,1154.69959279
1517175428180,0.00025299,0.00021408,0.00021911,8771,0.00021999,812,0.0002314,0.000245,0.00024559,0.00021999,-10.208,4991791,1155.096892
1517175432010,0.00025299,0.00021408,0.00021911,8771,0.00021999,812,0.0002314,0.000245,0.00024559,0.00021999,-10.208,4991791,1155.096892
1517175438615,0.00025299,0.00021408,0.00021911,8771,0.00021999,812,0.0002314,0.000245,0.000245,0.00021999,-10.208,4990934,1154.886927
1517175446604,0.00025299,0.00021408,0.00021911,8771,0.00021999,812,0.0002314,0.000245,0.000245,0.00021999,-10.208,4990688,1154.826657
1517175448978,0.00025299,0.00021408,0.00021911,8771,0.00021999,812,0.0002314,0.000245,0.000245,0.00021999,-10.208,4990688,1154.826657
1517175456214,0.00025299,0.00021408,0.00021911,8771,0.00021999,812,0.0002314,0.000245,0.000245,0.00021999,-10.208,4990688,1154.826657
1517175467633,0.00025299,0.00021408,0.00021911,8771,0.00021999,812,0.0002314,0.000245,0.000245,0.00021999,-10.208,4990688,1154.826657
1517175473771,0.00025299,0.00021408,0.00021911,8771,0.00021975,536,0.0002314,0.000245,0.000245,0.00021999,-10.208,4990688,1154.826657
1517175481031,0.00025299,0.00021408,0.00021911,8771,0.00021975,536,0.0002314,0.000245,0.000245,0.00021999,-10.208,4990688,1154.826657
1517175485492,0.00025299,0.00021408,0.00021903,8775,0.00021975,881,0.0002314,0.000245,0.000245,0.00021999,-10.208,4990688,1154.826657
1517175497642,0.00025299,0.00021408,0.00021903,8775,0.00021974,300,0.00023139,0.00024559,0.000245,0.00021999,-10.424,4989751,1154.597092
1517175502982,0.00025299,0.00021408,0.00021903,8775,0.00021974,300,0.00023139,0.00024559,0.000245,0.00021999,-10.424,4989751,1154.597092
1517175514918,0.00025299,0.00021408,0.00021903,8775,0.00021974,300,0.00023139,0.00024559,0.000245,0.00021999,-10.424,4989751,1154.597092
1517175531175,0.00025299,0.00021408,0.00021903,8775,0.00021975,731,0.00023139,0.00024559,0.000245,0.00021975,-10.522,4990201,1154.6959765
1517175547329,0.00025299,0.00021408,0.00021903,8775,0.00021975,731,0.00023139,0.00024559,0.000245,0.00021975,-10.522,4990201,1154.6959765
1517175558220,0.00025299,0.00021408,0.00021903,8775,0.00021975,731,0.00023139,0.00024559,0.000245,0.00021975,-10.522,4990201,1154.6959765
1517175582708,0.00025299,0.00021408,0.00021903,8775,0.00021975,731,0.00023139,0.00024632,0.000245,0.00021975,-10.787,4989049,1154.41265858
1517175608957,0.00025299,0.00021408,0.00021903,8775,0.00021975,386,0.00023139,0.00024638,0.00024632,0.00021975,-10.809,4987721,1154.08554562
1517175612870,0.00025299,0.00021408,0.00021903,8775,0.00021975,731,0.00023139,0.00024638,0.00024632,0.00021975,-10.809,4987721,1154.08554562
1517175615833,0.00025299,0.00021408,0.00021903,8775,0.00021975,731,0.00023139,0.00024638,0.00024632,0.00021975,-10.809,4987721,1154.08554562
1517175621037,0.00025299,0.00021408,0.00021903,8775,0.00021975,731,0.00023139,0.00024638,0.00024632,0.00021975,-10.809,4987721,1154.08554562
1517175654691,0.00025299,0.00021408,0.00021903,8775,0.00021975,731,0.00023139,0.00024638,0.00024632,0.00021975,-10.809,4987721,1154.08554562
1517175659469,0.00025299,0.00021408,0.00021702,988,0.00021975,731,0.00023135,0.00024638,0.00024632,0.000219,-11.113,5001698,1157.14684391
1517175665692,0.00025299,0.00021408,0.00021702,988,0.00021926,375,0.00023134,0.00024697,0.00024697,0.000219,-11.325,4999662,1156.64426169
1517175668655,0.00025299,0.00021408,0.00021751,206,0.00021926,375,0.00023134,0.00024697,0.00024697,0.000219,-11.325,4999662,1156.64426169
1517175676761,0.00025299,0.00021408,0.00021751,206,0.00021926,718,0.00023134,0.00024697,0.00024697,0.00021926,-11.22,4999079,1156.50022276
1517175681492,0.00025299,0.00021408,0.00021751,206,0.00021926,718,0.00023134,0.00024697,0.00024697,0.00021926,-11.22,4999079,1156.50022276
1517175692821,0.00025299,0.00021408,0.00021751,206,0.00021926,718,0.00023134,0.00024697,0.00024697,0.00021926,-11.22,4996793,1155.93564934
1517175698292,0.00025299,0.00021408,0.00021751,206,0.00021926,718,0.00023134,0.00024632,0.00024697,0.00021926,-10.986,4996787,1155.93416752
1517175709471,0.00025299,0.00021408,0.00021751,206,0.00021926,718,0.00023134,0.00024632,0.00024697,0.00021926,-10.986,4996787,1155.93416752
1517175716273,0.00025299,0.00021408,0.00021751,206,0.00021925,620,0.00023134,0.00024632,0.00024632,0.00021926,-10.986,4996782,1155.93293592
1517175718754,0.00025299,0.00021408,0.00021751,206,0.00021924,8775,0.00023134,0.00024632,0.00024632,0.00021926,-10.986,4996782,1155.93293592
1517175726285,0.00025299,0.00021408,0.00021751,206,0.00021923,6686,0.00023134,0.00024632,0.00024632,0.00021926,-10.986,4996782,1155.93293592
1517175732541,0.00025299,0.00021408,0.00021751,206,0.0002192,8775,0.00023134,0.00024632,0.00024632,0.00021926,-10.986,4996782,1155.93293592
1517175738382,0.00025299,0.00021408,0.00021751,206,0.00021919,620,0.00023133,0.00024632,0.00024632,0.00021926,-10.986,4995482,1155.61271992
1517175742879,0.00025299,0.00021408,0.00021751,206,0.00021918,8775,0.00023133,0.00024632,0.00024632,0.00021926,-10.986,4995482,1155.61271992
1517175748801,0.00025299,0.00021408,0.00021751,206,0.00021917,6686,0.00023133,0.00024538,0.0002471,0.00021926,-10.645,4995120,1155.52329078
1517175754800,0.00025299,0.00021408,0.00021751,206,0.00021913,6686,0.00023133,0.00024538,0.0002471,0.00021926,-10.645,4995120,1155.52329078
1517175760011,0.00025299,0.00021408,0.00021752,10940,0.00021909,6686,0.00023133,0.00024538,0.0002471,0.00021752,-11.354,4995342,1155.57158022
1517175766885,0.00025299,0.00021408,0.00021775,2221,0.00021904,8775,0.00023133,0.00024538,0.0002471,0.00021752,-11.354,4995342,1155.57158022
1517175772714,0.00025299,0.00021408,0.00021776,2220,0.000219,8775,0.00023133,0.00024538,0.0002471,0.00021752,-11.354,4995342,1155.57158022
1517175778075,0.00025299,0.00021408,0.00021797,2221,0.00021896,8775,0.00023133,0.00024538,0.0002471,0.00021752,-11.354,4995342,1155.57158022
1517175783806,0.00025299,0.00021408,0.00021753,15166,0.00021895,5872,0.00023133,0.00024538,0.0002471,0.00021752,-11.354,4995342,1155.57158022
1517175786288,0.00025299,0.00021408,0.00021775,2220,0.0002192,345,0.00023133,0.00024538,0.0002471,0.00021752,-11.354,4995342,1155.57158022
1517175800585,0.00025299,0.00021408,0.00021775,2220,0.00021926,373,0.00023133,0.00024538,0.0002471,0.00021752,-11.354,4995342,1155.57158022
1517175806071,0.00025299,0.00021408,0.00021777,1414,0.00021926,345,0.00023133,0.00024538,0.0002471,0.00021752,-11.354,4995342,1155.57158022
1517175811331,0.00025299,0.00021408,0.00021777,1414,0.00021926,345,0.00023133,0.00024538,0.0002471,0.00021752,-11.354,4995342,1155.57158022
1517175816609,0.00025299,0.00021408,0.00021777,1414,0.00021926,345,0.00023133,0.00024538,0.0002471,0.00021752,-11.354,4995342,1155.57158022
1517175821473,0.00025299,0.00021408,0.00021799,2120,0.00021926,9120,0.00023133,0.00024709,0.00024638,0.00021752,-11.967,4994553,1155.3774724
1517175828399,0.00025299,0.00021408,0.00021704,10887,0.00021926,9120,0.00023133,0.00024709,0.00024638,0.00021752,-11.967,4994553,1155.3774724
1517175834105,0.00025299,0.00021408,0.00021732,10740,0.00021902,373,0.00023133,0.00024709,0.00024638,0.00021752,-11.967,4994553,1155.3774724
1517175840089,0.00025299,0.00021408,0.00021755,484,0.00021924,8775,0.00023133,0.00024709,0.00024638,0.00021752,-11.967,4994553,1155.3774724
1517175845867,0.00025299,0.00021408,0.00021774,2120,0.00021924,8775,0.00023133,0.00024709,0.00024638,0.00021752,-11.967,4994553,1155.3774724
1517175850552,0.00025299,0.00021408,0.00021754,10045,0.00021924,8775,0.00023133,0.00024709,0.00024638,0.00021752,-11.967,4994553,1155.3774724
1517175856762,0.00025299,0.00021408,0.00021724,205,0.00021899,373,0.00023132,0.0002458,0.00024716,0.00021752,-11.505,4993500,1155.11723492
1517175862075,0.00025299,0.00021408,0.00021729,10886,0.00021898,814,0.00023132,0.0002458,0.00024716,0.00021752,-11.505,4993500,1155.11723492
1517175868260,0.00025299,0.00021408,0.00021734,1534,0.00021897,9120,0.00023132,0.0002458,0.00024716,0.00021752,-11.505,4993500,1155.11723492
1517175873580,0.00025299,0.00021408,0.00021737,10751,0.00021897,9120,0.00023132,0.0002458,0.00024716,0.00021752,-11.505,4993500,1155.11723492
1517175878921,0.00025299,0.00021408,0.00021737,10751,0.00021896,6686,0.00023132,0.00024716,0.0002458,0.00021752,-11.992,4993348,1155.07987332
1517175883995,0.00025299,0.00021408,0.00021724,205,0.00021895,8775,0.00023132,0.00024716,0.0002458,0.00021752,-11.992,4993348,1155.07987332
1517175886678,0.00025299,0.00021408,0.00021745,147,0.00021895,8775,0.00023132,0.00024549,0.00024716,0.00021752,-11.394,4993167,1155.03513736
1517175895663,0.00025299,0.00021408,0.00021752,154,0.00021894,6686,0.00023132,0.00024549,0.00024716,0.00021752,-11.394,4993167,1155.03513736
1517175901269,0.00025299,0.00021408,0.00021752,154,0.0002189,814,0.00023132,0.00024549,0.00024716,0.00021752,-11.394,4993167,1155.03513736
1517175902678,0.00025299,0.00021408,0.00021752,154,0.00021889,8775,0.00023132,0.00024549,0.00024716,0.00021752,-11.394,4993167,1155.03513736
1517175918146,0.00025299,0.00021408,0.00021752,154,0.00021888,6686,0.00023132,0.00024549,0.00024716,0.00021752,-11.394,4993167,1155.03513736
1517175924255,0.00025299,0.00021408,0.00021752,154,0.00021885,8775,0.00023132,0.00024549,0.00024716,0.00021752,-11.394,4993167,1155.03513736
1517175928057,0.00025299,0.00021408,0.00021752,154,0.00021885,8775,0.00023132,0.00024549,0.00024716,0.00021752,-11.394,4993167,1155.03513736
1517175934679,0.00025299,0.00021408,0.00021752,154,0.00021885,9120,0.00023132,0.00024549,0.00024716,0.00021752,-11.394,4993167,1155.03513736
1517175940961,0.00025299,0.00021408,0.00021752,154,0.00021882,6686,0.00023132,0.00024549,0.00024716,0.00021752,-11.394,4993167,1155.03513736
1517175946079,0.00025299,0.00021408,0.00021752,154,0.00021879,8775,0.00023132,0.00024549,0.00024716,0.00021752,-11.394,4993167,1155.03513736
1517175948863,0.00025299,0.00021408,0.00021752,154,0.00021877,8775,0.00023132,0.00024549,0.00024716,0.00021752,-11.394,4993167,1155.03513736
1517175957537,0.00025299,0.00021408,0.00021752,256,0.00021877,8775,0.00023132,0.00024549,0.00024716,0.00021752,-11.394,4993167,1155.03513736
1517175963916,0.00025299,0.00021408,0.00021752,256,0.00021876,6686,0.00023132,0.00024549,0.00024716,0.00021752,-11.394,4993167,1155.03513736
1517175968473,0.00025299,0.00021408,0.00021752,102,0.00021873,8775,0.00023132,0.00024549,0.00024716,0.00021752,-11.394,4993167,1155.03513736
