1517174952917,0.0000247,0.0000219,0.00002286,603,0.00002299,8935,0.00002313,0.00002381,0.00002385,0.00002286,-3.99,14607919,337.9048466
1517174957280,0.0000247,0.0000219,0.00002286,603,0.00002299,8935,0.00002313,0.00002381,0.00002385,0.00002286,-3.99,14607919,337.9048466
1517174963505,0.0000247,0.0000219,0.00002286,603,0.00002299,8935,0.00002313,0.00002369,0.00002381,0.00002286,-3.504,14607818,337.90244179
1517174966580,0.0000247,0.0000219,0.00002289,2427,0.00002304,8935,0.00002313,0.00002369,0.00002381,0.00002286,-3.504,14607818,337.90244179
1517174973904,0.0000247,0.0000219,0.00002289,2427,0.00002303,217,0.00002313,0.00002369,0.00002381,0.00002304,-2.744,14607939,337.90522963
1517174986681,0.0000247,0.0000219,0.00002289,1597,0.00002301,8814,0.00002313,0.00002369,0.00002381,0.00002289,-3.377,14608769,337.92422833
1517174991970,0.0000247,0.0000219,0.00002289,1597,0.000023,217,0.00002313,0.00002369,0.00002381,0.00002289,-3.377,14608769,337.92422833
1517175003239,0.0000247,0.0000219,0.00002286,603,0.00002289,17303,0.00002313,0.00002369,0.00002381,0.00002289,-3.377,14618286,338.14209633
1517175008806,0.0000247,0.0000219,0.00002286,603,0.00002289,17303,0.00002313,0.00002369,0.00002381,0.00002289,-3.377,14618286,338.14209633
1517175014400,0.0000247,0.0000219,0.00002286,603,0.00002289,17303,0.00002313,0.00002369,0.00002381,0.00002289,-3.377,14618286,338.14209633
1517175020021,0.0000247,0.0000219,0.00002286,603,0.00002289,17303,0.00002313,0.00002369,0.00002381,0.00002289,-3.377,14618286,338.14209633
1517175025620,0.0000247,0.0000219,0.00002286,603,0.00002289,17303,0.00002313,0.00002369,0.00002381,0.00002289,-3.377,14618286,338.14209633
1517175031201,0.0000247,0.0000219,0.00002286,603,0.00002288,205,0.00002313,0.00002369,0.00002381,0.00002289,-3.377,14618286,338.14209633
1517175036816,0.0000247,0.0000219,0.00002286,603,0.00002288,109,0.00002313,0.00002369,0.00002381,0.00002288,-3.419,14618382,338.14429281
1517175042407,0.0000247,0.0000219,0.00002286,603,0.00002288,109,0.00002313,0.00002369,0.00002381,0.00002288,-3.419,14618382,338.14429281
1517175048739,0.0000247,0.0000219,0.00002284,437,0.00002289,17259,0.00002313,0.00002369,0.00002381,0.00002283,-3.63,14622620,338.24108481
1517175056367,0.0000247,0.0000219,0.00002281,8545,0.00002289,17259,0.00002313,0.00002378,0.00002369,0.00002283,-3.995,14623723,338.26616231
1517175073600,0.0000247,0.0000219,0.00002281,8545,0.00002289,17259,0.00002313,0.00002378,0.00002378,0.00002283,-3.995,14622472,338.23641353
1517175082785,0.0000247,0.0000219,0.00002283,635,0.00002289,17259,0.00002313,0.00002369,0.00002378,0.00002283,-3.63,14622469,338.23634219
1517175087228,0.0000247,0.0000219,0.00002283,635,0.00002289,17259,0.00002313,0.00002369,0.00002378,0.00002283,-3.63,14622469,338.23634219
1517175092809,0.0000247,0.0000219,0.00002283,635,0.00002289,17259,0.00002313,0.00002369,0.00002378,0.00002283,-3.63,14622469,338.23634219
1517175099421,0.0000247,0.0000219,0.00002283,635,0.00002289,17259,0.00002313,0.00002369,0.00002378,0.00002283,-3.63,14622469,338.23634219
1517175104019,0.0000247,0.0000219,0.00002283,1102,0.00002289,17259,0.00002313,0.00002369,0.00002378,0.00002283,-3.63,14622469,338.23634219
1517175109961,0.0000247,0.0000219,0.00002283,1102,0.00002289,17152,0.00002313,0.00002369,0.00002378,0.00002289,-3.377,14622576,338.23879142
1517175116066,0.0000247,0.0000219,0.00002281,8545,0.00002289,17152,0.00002313,0.00002369,0.00002378,0.0000228,-3.757,14626763,338.33428808
1517175121565,0.0000247,0.0000219,0.00002282,2042,0.00002288,2485,0.00002313,0.00002369,0.00002378,0.00002281,-3.715,14629248,338.39097093
1517175122588,0.0000247,0.0000219,0.00002282,2042,0.00002288,2485,0.00002313,0.00002369,0.00002378,0.00002281,-3.715,14629248,338.39097093
1517175131456,0.0000247,0.0000219,0.00002282,2042,0.00002288,2485,0.00002313,0.00002369,0.00002378,0.00002281,-3.715,14629248,338.39097093
1517175136402,0.0000247,0.0000219,0.00002281,3241,0.00002288,15,0.00002313,0.00002369,0.00002378,0.00002288,-3.419,14631718,338.44748453
1517175148276,0.0000247,0.0000219,0.00002282,200,0.00002288,15,0.00002313,0.00002369,0.00002378,0.00002288,-3.419,14631718,338.44748453
1517175154083,0.0000247,0.0000219,0.00002283,200,0.00002288,15,0.00002313,0.00002369,0.00002378,0.00002288,-3.419,14631718,338.44748453
1517175157915,0.0000247,0.0000219,0.00002283,200,0.00002288,15,0.00002313,0.00002369,0.00002378,0.00002288,-3.419,14631718,338.44748453
1517175166186,0.0000247,0.0000219,0.00002284,200,0.00002288,15,0.00002313,0.00002369,0.00002378,0.00002288,-3.419,14631718,338.44748453
1517175177354,0.0000247,0.0000219,0.00002285,200,0.00002288,15,0.00002313,0.00002369,0.00002369,0.00002288,-3.419,14631619,338.44513922
1517175182684,0.0000247,0.0000219,0.00002281,2042,0.00002288,15,0.00002313,0.00002369,0.00002369,0.00002281,-3.715,14635250,338.52798233
1517175192866,0.0000247,0.0000219,0.00002288,394,0.00002289,17152,0.00002313,0.00002369,0.00002369,0.00002288,-3.419,14635265,338.52832553
1517175199684,0.0000247,0.0000219,0.0000228,18312,0.00002287,4953,0.00002313,0.00002369,0.00002369,0.00002287,-3.461,14636694,338.5610107
1517175204253,0.0000247,0.0000219,0.0000228,18312,0.00002287,4516,0.00002313,0.00002369,0.00002369,0.00002287,-3.461,14637131,338.57100489
1517175206590,0.0000247,0.0000219,0.00002281,105,0.00002287,4516,0.00002313,0.00002369,0.00002369,0.0000228,-3.757,14640344,338.64426129
1517175217098,0.0000247,0.0000219,0.0000228,10353,0.00002286,4516,0.00002313,0.00002369,0.00002369,0.0000228,-3.757,14645352,338.75844788
1517175221733,0.0000247,0.0000219,0.00002281,158,0.00002286,4516,0.00002313,0.00002369,0.00002369,0.0000228,-3.757,14645352,338.75844788
1517175244582,0.0000247,0.0000219,0.00002281,158,0.00002286,4516,0.00002313,0.00002369,0.00002369,0.0000228,-3.757,14644191,338.73094379
1517175249425,0.0000247,0.0000219,0.00002281,158,0.00002286,4407,0.00002313,0.00002369,0.00002369,0.00002286,-3.504,14644300,338.73343553
1517175255666,0.0000247,0.0000219,0.00002281,158,0.00002285,4298,0.00002313,0.00002378,0.00002369,0.00002286,-3.869,14643990,338.72600116
1517175259684,0.0000247,0.0000219,0.00002281,158,0.00002285,3700,0.00002313,0.00002378,0.00002369,0.00002285,-3.911,14644588,338.73966546
1517175275987,0.0000247,0.0000219,0.00002281,158,0.00002289,17152,0.00002313,0.00002378,0.00002369,0.00002285,-3.911,14644588,338.73966546
1517175284704,0.0000247,0.0000219,0.00002281,158,0.00002289,17152,0.00002313,0.00002378,0.00002369,0.00002285,-3.911,14644588,338.73966546
1517175290244,0.0000247,0.0000219,0.00002281,158,0.00002288,1171,0.00002313,0.00002378,0.00002369,0.00002285,-3.911,14644588,338.73966546
1517175295423,0.0000247,0.0000219,0.00002281,158,0.00002287,3700,0.00002313,0.00002378,0.00002369,0.00002285,-3.911,14644588,338.73966546
1517175304050,0.0000247,0.0000219,0.00002281,158,0.00002287,1894,0.00002313,0.00002378,0.00002369,0.00002287,-3.827,14646394,338.78096868
1517175309815,0.0000247,0.0000219,0.00002281,158,0.00002287,1894,0.00002313,0.00002378,0.00002369,0.00002287,-3.827,14646394,338.78096868
1517175318234,0.0000247,0.0000219,0.00002281,158,0.00002286,1894,0.00002313,0.00002378,0.00002378,0.00002287,-3.827,14640506,338.64095204
1517175334994,0.0000247,0.0000219,0.00002281,158,0.00002286,1894,0.00002313,0.00002378,0.00002378,0.00002287,-3.827,14640506,338.64095204
1517175336733,0.0000247,0.0000219,0.00002285,875,0.00002286,1894,0.00002313,0.00002378,0.00002378,0.00002287,-3.827,14640506,338.64095204
1517175342951,0.0000247,0.0000219,0.00002285,875,0.00002286,1435,0.00002313,0.00002378,0.00002378,0.00002286,-3.869,14640965,338.65144478
1517175346581,0.0000247,0.0000219,0.00002285,875,0.00002286,543,0.00002313,0.00002378,0.00002378,0.00002286,-3.869,14641857,338.6718359
1517175356422,0.0000247,0.0000219,0.0000228,10503,0.00002285,543,0.00002313,0.00002377,0.00002378,0.00002281,-4.039,14642790,338.69305563
1517175361678,0.0000247,0.0000219,0.00002281,2042,0.00002285,543,0.00002313,0.00002377,0.00002378,0.00002281,-4.039,14642790,338.69305563
1517175370593,0.0000247,0.0000219,0.00002281,2042,0.00002285,543,0.00002313,0.00002377,0.00002378,0.00002281,-4.039,14642790,338.69305563
1517175377295,0.0000247,0.0000219,0.00002281,4234,0.00002285,543,0.00002313,0.00002377,0.00002378,0.00002281,-4.039,14642790,338.69305563
1517175382952,0.0000247,0.0000219,0.00002281,4234,0.00002285,543,0.00002313,0.00002377,0.00002377,0.00002281,-4.039,14642696,338.69082125
1517175388945,0.0000247,0.0000219,0.0000227,5229,0.00002279,883,0.00002313,0.00002377,0.00002377,0.00002279,-4.123,14657965,339.03798954
1517175396695,0.0000247,0.0000219,0.0000227,5229,0.00002279,266,0.00002313,0.00002377,0.00002377,0.00002279,-4.123,14658582,339.05205097
1517175401992,0.0000247,0.0000219,0.0000227,3425,0.00002279,266,0.00002313,0.00002377,0.00002377,0.0000227,-4.501,14660386,339.09300177
1517175407060,0.0000247,0.0000219,0.0000227,3425,0.00002288,1171,0.00002313,0.00002374,0.00002377,0.00002279,-4.002,14660156,339.08727399
1517175413380,0.0000247,0.0000219,0.0000227,2863,0.0000228,273,0.00002313,0.0000237,0.0000237,0.00002265,-4.43,14667500,339.2532817
1517175415966,0.0000247,0.0000219,0.0000227,1996,0.0000228,273,0.00002313,0.0000237,0.0000237,0.0000227,-4.219,14667706,339.2579579
1517175424311,0.0000247,0.0000219,0.0000227,1996,0.00002288,1171,0.00002313,0.0000237,0.0000237,0.0000228,-3.797,14667979,339.2641823
1517175430200,0.0000247,0.0000219,0.00002268,873,0.00002295,109,0.00002313,0.0000237,0.0000237,0.00002288,-3.46,14669150,339.29097478
1517175435933,0.0000247,0.0000219,0.0000227,6613,0.00002294,146,0.00002313,0.00002376,0.00002376,0.00002288,-3.704,14667985,339.26335438
1517175440759,0.0000247,0.0000219,0.00002274,870,0.00002294,146,0.00002313,0.00002376,0.00002376,0.00002288,-3.704,14666882,339.2371471
1517175447133,0.0000247,0.0000219,0.00002275,219,0.00002294,146,0.00002313,0.00002376,0.00002376,0.00002288,-3.704,14666882,339.2371471
1517175450490,0.0000247,0.0000219,0.00002277,219,0.00002294,146,0.00002313,0.00002376,0.00002376,0.00002288,-3.704,14666882,339.2371471
1517175457030,0.0000247,0.0000219,0.00002277,219,0.00002294,146,0.00002313,0.00002376,0.00002376,0.00002288,-3.704,14666882,339.2371471
1517175461071,0.0000247,0.0000219,0.00002277,219,0.00002294,146,0.00002313,0.00002376,0.00002376,0.00002288,-3.704,14666882,339.2371471
1517175469294,0.0000247,0.0000219,0.00002277,219,0.00002294,146,0.00002313,0.00002376,0.00002376,0.00002288,-3.704,14666882,339.2371471
1517175479725,0.0000247,0.0000219,0.00002277,219,0.00002294,146,0.00002313,0.00002376,0.00002376,0.00002288,-3.704,14666882,339.2371471
1517175486198,0.0000247,0.0000219,0.00002277,219,0.00002294,146,0.00002313,0.00002376,0.00002376,0.00002288,-3.704,14666882,339.2371471
1517175492112,0.0000247,0.0000219,0.00002277,219,0.00002294,146,0.00002313,0.00002376,0.00002376,0.00002288,-3.704,14666748,339.23396326
1517175499050,0.0000247,0.0000219,0.00002277,219,0.00002294,146,0.00002313,0.00002376,0.00002376,0.00002288,-3.704,14666748,339.23396326
1517175508800,0.0000247,0.0000219,0.00002277,219,0.00002294,146,0.00002313,0.00002376,0.00002376,0.00002288,-3.704,14665824,339.21200902
1517175524444,0.0000247,0.0000219,0.00002277,219,0.00002294,146,0.00002313,0.00002378,0.00002377,0.00002288,-3.785,14662746,339.13884778
1517175531193,0.0000247,0.0000219,0.00002266,1997,0.00002294,146,0.00002313,0.00002378,0.00002378,0.00002288,-3.785,14662776,339.13915618
1517175536297,0.0000247,0.0000219,0.00002269,220,0.00002288,161,0.00002313,0.00002378,0.00002378,0.00002288,-3.785,14662776,339.13915618
1517175542091,0.0000247,0.0000219,0.00002271,220,0.00002288,66,0.00002313,0.00002378,0.00002378,0.00002288,-3.785,14662871,339.14132978
1517175545859,0.0000247,0.0000219,0.00002271,220,0.00002288,66,0.00002313,0.00002378,0.00002378,0.00002288,-3.785,14662871,339.14132978
1517175553581,0.0000247,0.0000219,0.00002271,220,0.00002288,66,0.00002313,0.00002378,0.00002378,0.00002288,-3.785,14662871,339.14132978
1517175559125,0.0000247,0.0000219,0.00002271,220,0.00002288,66,0.00002313,0.00002378,0.00002378,0.00002288,-3.785,14662871,339.14132978
1517175564955,0.0000247,0.0000219,0.00002275,219,0.00002288,66,0.00002313,0.00002378,0.00002378,0.00002288,-3.785,14662871,339.14132978
1517175571944,0.0000247,0.0000219,0.00002275,219,0.00002287,8814,0.00002313,0.00002378,0.00002378,0.00002288,-3.785,14662871,339.14132978
1517175580664,0.0000247,0.0000219,0.00002275,219,0.00002287,8814,0.00002313,0.00002378,0.00002389,0.00002288,-3.785,14659197,339.05395216
1517175585369,0.0000247,0.0000219,0.00002275,219,0.00002286,543,0.00002313,0.00002372,0.00002373,0.00002288,-3.541,14658945,339.0479672
1517175593012,0.0000247,0.0000219,0.00002274,5023,0.00002286,543,0.00002313,0.00002372,0.00002373,0.00002288,-3.541,14658945,339.0479672
1517175593896,0.0000247,0.0000219,0.00002274,5023,0.00002286,543,0.00002313,0.00002372,0.00002373,0.00002288,-3.541,14658945,339.0479672
1517175604501,0.0000247,0.0000219,0.00002274,5023,0.00002287,8814,0.00002313,0.00002372,0.00002373,0.00002286,-3.626,14659040,339.0501389
1517175610171,0.0000247,0.0000219,0.00002274,5023,0.00002285,448,0.00002313,0.00002372,0.00002373,0.00002286,-3.626,14659040,339.0501389
1517175610809,0.0000247,0.0000219,0.00002274,5023,0.00002285,448,0.00002313,0.00002372,0.00002373,0.00002286,-3.626,14659040,339.0501389
1517175617266,0.0000247,0.0000219,0.00002274,5023,0.00002285,448,0.00002313,0.00002372,0.00002373,0.00002286,-3.626,14659040,339.0501389
1517175637751,0.0000247,0.0000219,0.00002274,5003,0.00002285,9262,0.00002313,0.00002372,0.00002373,0.00002274,-4.132,14659060,339.0505937
1517175643377,0.0000247,0.0000219,0.00002274,4455,0.00002285,9262,0.00002313,0.00002378,0.00002371,0.00002274,-4.373,14658256,339.03099802
1517175644663,0.0000247,0.0000219,0.00002274,4455,0.00002285,9262,0.00002313,0.00002378,0.00002371,0.00002274,-4.373,14658256,339.03099802
1517175652765,0.0000247,0.0000219,0.00002274,4455,0.00002285,448,0.00002313,0.00002388,0.00002378,0.00002274,-4.774,14658078,339.02676518
1517175661225,0.0000247,0.0000219,0.00002266,8646,0.00002285,448,0.00002313,0.00002388,0.00002378,0.00002265,-5.151,14677583,339.47026064
1517175664068,0.0000247,0.0000219,0.00002266,8646,0.00002285,448,0.00002313,0.00002388,0.00002388,0.00002265,-5.151,14673396,339.37027508
1517175672419,0.0000247,0.0000219,0.00002265,22278,0.00002285,448,0.00002313,0.00002388,0.00002388,0.00002265,-5.151,14673396,339.37027508
1517175673803,0.0000247,0.0000219,0.00002266,8866,0.00002285,448,0.00002313,0.00002388,0.00002388,0.00002265,-5.151,14673396,339.37027508
1517175683478,0.0000247,0.0000219,0.00002268,8912,0.0000227,90,0.00002313,0.00002388,0.00002388,0.00002265,-5.151,14669209,339.27028952
1517175688568,0.0000247,0.0000219,0.0000227,32,0.00002285,448,0.00002313,0.00002388,0.00002388,0.0000227,-4.941,14669299,339.27233252
1517175694753,0.0000247,0.0000219,0.00002271,220,0.00002285,448,0.00002313,0.00002378,0.00002388,0.0000227,-4.542,14668080,339.2432228
1517175700119,0.0000247,0.0000219,0.00002271,220,0.00002285,448,0.00002313,0.00002378,0.00002388,0.0000227,-4.542,14668080,339.2432228
1517175704608,0.0000247,0.0000219,0.00002271,220,0.00002285,448,0.00002313,0.00002378,0.00002377,0.0000227,-4.542,14651942,338.85954185
1517175710451,0.0000247,0.0000219,0.00002271,220,0.00002285,448,0.00002313,0.00002378,0.00002378,0.0000227,-4.542,14647834,338.76185361
1517175716526,0.0000247,0.0000219,0.00002271,220,0.00002285,448,0.00002313,0.00002378,0.00002378,0.0000227,-4.542,14647834,338.76185361
1517175721880,0.0000247,0.0000219,0.00002271,220,0.00002285,448,0.00002313,0.00002378,0.00002378,0.0000227,-4.542,14647834,338.76185361
1517175727618,0.0000247,0.0000219,0.00002271,8847,0.00002285,448,0.00002313,0.00002378,0.00002378,0.0000227,-4.542,14647834,338.76185361
1517175741103,0.0000247,0.0000219,0.00002271,8847,0.00002285,448,0.00002313,0.00002378,0.00002378,0.0000227,-4.542,14647834,338.76185361
1517175749405,0.0000247,0.0000219,0.00002273,219,0.00002285,448,0.00002313,0.00002378,0.00002378,0.0000227,-4.542,14647834,338.76185361
1517175755295,0.0000247,0.0000219,0.00002273,8617,0.00002285,448,0.00002313,0.00002378,0.00002378,0.00002273,-4.415,14648056,338.76689967
1517175760283,0.0000247,0.0000219,0.00002272,8721,0.00002284,219,0.00002313,0.00002371,0.00002378,0.00002273,-4.133,14647943,338.76421253
1517175766674,0.0000247,0.0000219,0.00002275,2221,0.00002285,448,0.00002313,0.00002371,0.00002378,0.00002284,-3.669,14648162,338.76921449
1517175773122,0.0000247,0.0000219,0.00002275,2221,0.00002285,448,0.00002313,0.00002371,0.00002378,0.00002284,-3.669,14648162,338.76921449
1517175782384,0.0000247,0.0000219,0.00002275,2221,0.00002285,448,0.00002313,0.00002378,0.00002371,0.00002284,-3.953,14647669,338.75752546
1517175798789,0.0000247,0.0000219,0.00002275,2221,0.00002285,395,0.00002313,0.00002378,0.00002378,0.00002285,-3.911,14647544,338.75450367
1517175801412,0.0000247,0.0000219,0.00002275,1415,0.00002285,395,0.00002313,0.00002378,0.00002378,0.00002275,-4.331,14648350,338.77284017
1517175816976,0.0000247,0.0000219,0.00002275,1415,0.00002284,395,0.00002313,0.00002378,0.00002378,0.00002275,-4.331,14647850,338.76095017
1517175823078,0.0000247,0.0000219,0.00002275,2120,0.00002284,395,0.00002313,0.00002372,0.00002384,0.00002275,-4.089,14647061,338.7421625
1517175834245,0.0000247,0.0000219,0.00002275,2120,0.00002286,494,0.00002313,0.00002383,0.00002372,0.00002275,-4.532,14646561,338.7303025
1517175845488,0.0000247,0.0000219,0.00002275,2120,0.00002286,494,0.00002313,0.00002383,0.00002372,0.00002275,-4.532,14646561,338.7303025
1517175848829,0.0000247,0.0000219,0.00002275,1415,0.00002286,494,0.00002313,0.00002383,0.00002372,0.00002275,-4.532,14646561,338.7303025
1517175854712,0.0000247,0.0000219,0.00002276,704,0.00002286,494,0.00002313,0.00002383,0.00002372,0.00002275,-4.532,14646561,338.7303025
1517175869027,0.0000247,0.0000219,0.00002276,306,0.00002286,494,0.00002313,0.00002383,0.00002372,0.00002276,-4.49,14646959,338.73936098
1517175879476,0.0000247,0.0000219,0.00002272,8621,0.00002275,727,0.00002313,0.00002383,0.00002383,0.00002275,-4.532,14648528,338.77489463
1517175883810,0.0000247,0.0000219,0.0000227,147,0.00002275,629,0.00002313,0.00002383,0.00002383,0.00002275,-4.532,14648626,338.77712413
1517175889410,0.0000247,0.0000219,0.0000227,147,0.00002275,289,0.00002313,0.00002383,0.00002383,0.00002275,-4.532,14649116,338.78827163
1517175891766,0.0000247,0.0000219,0.0000227,147,0.00002275,151,0.00002313,0.00002383,0.00002383,0.00002275,-4.532,14649254,338.79141113
1517175899088,0.0000247,0.0000219,0.0000227,147,0.00002275,151,0.00002313,0.00002383,0.00002383,0.00002275,-4.532,14649254,338.79141113
1517175907233,0.0000247,0.0000219,0.0000227,147,0.00002287,8814,0.00002313,0.00002383,0.00002383,0.00002286,-4.07,14649899,338.80613922
1517175913211,0.0000247,0.0000219,0.00002266,8540,0.00002286,106,0.00002313,0.00002383,0.00002384,0.00002266,-4.91,14649649,338.79989358
1517175918801,0.0000247,0.0000219,0.00002267,8757,0.00002286,106,0.00002313,0.00002378,0.00002383,0.00002266,-4.71,14649473,338.7956995
1517175924416,0.0000247,0.0000219,0.0000227,220,0.00002286,106,0.00002313,0.00002382,0.00002374,0.00002266,-4.87,14649285,338.79123254
1517175929813,0.0000247,0.0000219,0.0000227,220,0.00002286,106,0.00002313,0.00002382,0.00002374,0.00002266,-4.87,14649285,338.79123254
1517175943733,0.0000247,0.0000219,0.0000227,220,0.00002286,106,0.00002313,0.00002382,0.00002374,0.00002266,-4.87,14649285,338.79123254
