1517174953283,1277,1103.15,1245.48,0.1258,1246.65,2.62,1198.3018541,1114.99,1114.99,1245.48,11.703,143076.2533,171448539.6069679
1517174958907,1277,1103.15,1245.49,0.126,1246.79,0.126,1198.30673684,1114.95,1114.99,1246.8,11.826,143072.77654,171445071.9863027
1517174964247,1277,1103.15,1245,2.97121,1245.49,0.0049,1198.30713711,1114.93,1114.01,1245,11.666,143072.88551,171445259.832993
1517174969659,1277,1103.15,1245,2.68677,1246.49,0.04602,1198.3187819,1114.8,1114.8,1246.49,11.813,143079.75739,171455160.5901545
1517174975532,1277,1103.15,1244.75,1.06398,1245,4.04598,1198.32357695,1114.8,1114.8,1245,11.679,143077.50353,171453145.8114623
1517174981331,1277,1103.15,1244.75,0.9021,1244.77,0.04987,1198.32606255,1114.99,1114.99,1244.75,11.638,143074.07556,171449393.6189885
1517174987021,1277,1103.15,1244.75,0.6285,1245,0.00011,1198.32752147,1114.03,1114.99,1245,11.756,143077.99247,171454296.0928752
1517174992372,1277,1103.15,1244.59,0.02914,1244.7,0.00145,1198.32801774,1114,1114.03,1244.7,11.732,143079.1789,171455788.8311416
1517174998158,1277,1103.15,1244.59,0.00046,1244.7,0.00145,1198.32827517,1114.89,1114.89,1244.59,11.633,143078.78507,171455353.7270228
1517175003772,1277,1103.15,1244.7,0.00158,1244.71,0.02715,1198.33538828,1114.98,1114.99,1244.7,11.634,143079.20007,171456868.7703848
1517175009329,1277,1103.15,1244.7,0.00158,1244.71,0.00017,1198.33713413,1115,1115,1244.71,11.633,143076.24475,171453577.0956803
1517175015001,1277,1103.15,1244,18.82895,1244.71,0.00017,1198.33828115,1115.39,1115.39,1244,11.53,143075.52475,171452878.4028694
1517175020764,1277,1103.15,1245.01,2.02873,1245.47,0.63799,1198.34290362,1115.39,1115.39,1245,11.62,143089.70023,171470526.8524201
1517175026086,1277,1103.15,1245,17.1048,1245.47,0.63799,1198.3476726,1113.7,1113.7,1245,11.79,143098.50338,171481758.4782832
1517175031951,1277,1103.15,1245,16.01604,1245.23,0.18155,1198.35067174,1113.7,1113.7,1245,11.79,143094.9669,171477949.7070101
1517175037570,1277,1103.15,1245,10.08989,1245.47,0.51954,1198.35323744,1113.7,1113.7,1245,11.79,143100.28805,171484693.4626881
1517175042742,1277,1103.15,1245,4.39625,1245.99,2.02873,1198.35936117,1113.42,1114.99,1245,11.818,143108.79263,171495761.3134913
1517175049070,1277,1103.15,1245,4.38633,1245.01,0.10864,1198.3614545,1114.99,1114.98,1245,11.66,143111.03555,171498748.716853
1517175054725,1277,1103.15,1244.91,0.1,1245.99,0.04419,1198.36294863,1114.99,1114.98,1245,11.66,143115.6204,171504456.8576027
1517175059931,1277,1103.15,1245,23.15545,1245.98,2.02873,1198.36592731,1114.99,1114.99,1245,11.66,143113.13658,171501906.6278015
1517175065724,1277,1103.15,1245,12.66097,1245.01,0.46153,1198.36989231,1115,1115,1245,11.659,143122.75027,171513994.8276106
1517175071388,1277,1103.15,1245,0.06802,1245.01,0.46153,1198.37982394,1115.38,1114.98,1244,11.531,143150.09378,171548184.1803762
1517175076914,1277,1103.15,1245.01,0.12644,1245.98,0.16,1198.38090318,1114.98,1114.98,1245.01,11.662,143148.97835,171547001.9650659
1517175082255,1277,1103.15,1245.01,3.70002,1245.97,2.15182,1198.38318725,1114.98,1114.98,1245.01,11.662,143156.06326,171555819.3635194
1517175087822,1277,1103.15,1245.01,3.3084,1245.97,0.09309,1198.38987944,1114.98,1114.98,1245.97,11.748,143145.16675,171543719.1235367
1517175093553,1277,1103.15,1245.01,2.96528,1245.96,2.02873,1198.39019374,1114.98,1114.98,1245.01,11.662,143145.16225,171543758.7220203
1517175098991,1277,1103.15,1245.01,2.34646,1245.96,2.02873,1198.40127965,1116.76,1116.72,1245.01,11.484,143127.02615,171523611.2910974
1517175104619,1277,1103.15,1245.01,2.27746,1245.94,2.02873,1198.40205179,1116.09,1116.09,1245.01,11.551,143125.79387,171522245.0381282
1517175110568,1277,1103.15,1245.01,2.22372,1245.95,0.16,1198.40316725,1116.72,1116.09,1245.01,11.488,143128.44566,171525582.6021201
1517175115861,1277,1103.15,1245.01,1.37596,1245.95,0.16,1198.40353392,1116.72,1116.72,1245.01,11.488,143129.13463,171526460.7478289
1517175121586,1277,1103.15,1244.15,1.20564,1245.01,0.31535,1198.40529091,1116.09,1116.72,1245.01,11.551,143128.82013,171526335.3259348
1517175126746,1277,1103.15,1245.01,5.04978,1245.92,0.42862,1198.40584466,1116.09,1116.09,1245.01,11.551,143128.35118,171525852.5904513
1517175132592,1277,1103.15,1245.01,1.5565,1245.91,2.02873,1198.41025343,1116.09,1116.09,1245.01,11.551,143141.91029,171542732.9877839
1517175138480,1277,1103.15,1245.01,1.5125,1245.9,1.12616,1198.41086122,1116.69,1116.09,1245.01,11.491,143140.96152,171541682.9705546
1517175143779,1277,1103.15,1245.01,0.00064,1245.92,0.09109,1198.41187424,1116.69,1116.69,1245.01,11.491,143143.82114,171545254.9787094
1517175149558,1277,1103.15,1245.02,0.00011,1245.96,0.0617,1198.43696999,1116.09,1116.09,1245.03,11.553,143211.18248,171629575.5995838
1517175154890,1277,1103.15,1244.92,0.00019,1245.03,0.63162,1198.43797663,1116.09,1116.09,1244.92,11.543,143212.68702,171631522.8600946
1517175160715,1277,1103.15,1244.92,0.00019,1245.03,0.63162,1198.43810873,1116.09,1116.09,1245,11.55,143212.49451,171631311.0670885
1517175165992,1277,1103.15,1244.01,7.56208,1244.92,0.03032,1198.44509721,1116.09,1116.09,1244.01,11.461,143220.35296,171641729.8254862
1517175171711,1277,1103.15,1244.01,8.19824,1245.03,0.71076,1198.44576043,1116.09,1116.09,1244.01,11.461,143221.79753,171643556.0510318
1517175177463,1277,1103.15,1245,20.82056,1245.16,0.06268,1198.44908592,1116.67,1116.1,1245,11.492,143225.22677,171648142.1037705
1517175183164,1277,1103.15,1245,11.64148,1245.02,0.98006,1198.45378415,1116.11,1117,1245,11.548,143231.40296,171656216.8871865
1517175188765,1277,1103.15,1244.02,0.36429,1245,5.68223,1198.46453898,1116.1,1116.1,1245,11.549,143231.65,171658053.3846041
1517175194162,1277,1103.15,1244.01,4.91022,1244.99,4.65723,1198.46641349,1117,1117,1244.99,11.458,143234.53908,171661784.3385141
1517175199877,1277,1103.15,1244.01,4.81839,1244.99,3.46463,1198.46732131,1117,1117,1244.01,11.371,143234.86963,171662310.5236513
1517175204690,1277,1103.15,1244.02,1.51644,1244.99,3.46463,1198.46773579,1116.12,1117,1244.01,11.458,143234.1409,171661496.5322413
1517175210661,1277,1103.15,1244.02,0.60505,1245,0.08835,1198.4683963,1117,1117,1244.02,11.372,143235.78571,171663562.3926247
1517175216829,1277,1103.15,1244.2,1.1177,1245,7.29318,1198.46887656,1116.12,1117,1244.2,11.475,143236.97916,171665061.4961441
1517175222141,1277,1103.15,1244.2,0.00094,1245,7.29318,1198.4707816,1117,1116.12,1244.2,11.388,143235.40252,171663444.8113281
1517175226811,1277,1103.15,1244.2,22.00094,1245,7.29318,1198.47216743,1116.14,1116.13,1244.2,11.473,143232.97989,171660739.8560247
1517175233412,1277,1103.15,1244.2,21.40764,1245,7.29318,1198.47673098,1116.12,1116.13,1244.2,11.475,143226.12629,171653179.6272829
1517175239001,1277,1103.15,1244,1.93995,1245,0.44657,1198.48554057,1116.13,1116.12,1245,11.546,143251.08947,171684359.4012692
1517175244543,1277,1103.15,1244,1.60915,1245.01,0.83798,1198.49399711,1116.14,1116.14,1244,11.456,143271.31551,171709811.5962873
1517175250179,1277,1103.15,1244.3,1.12649,1245.01,0.83798,1198.49496502,1116.14,1117,1244.3,11.482,143269.61742,171707915.1181033
1517175255774,1277,1103.15,1244.3,1.40857,1245.02,0.5,1198.49935148,1117,1117,1244.3,11.397,143261.90886,171699304.8602399
1517175261009,1277,1103.15,1244.3,1.01516,1245,0.02409,1198.50335983,1117.8,1117.5,1245.02,11.381,143256.27385,171693125.5258818
1517175267089,1277,1103.15,1245,2.43757,1245.08,0.04753,1198.50471852,1117.5,1117,1245.08,11.417,143254.42425,171691103.412329
1517175272724,1277,1103.15,1245,1.06508,1245.02,0.83798,1198.50787962,1117.99,1117.99,1245,11.361,143252.98139,171689826.9745388
1517175278223,1277,1103.15,1244.3,0.54298,1244.99,0.1,1198.50843404,1117.99,1117.99,1245,11.361,143254.68944,171691953.5096482
1517175283532,1277,1103.15,1244,0.89654,1244.99,0.02409,1198.5144213,1118,1118,1244.99,11.359,143246.2179,171682657.9495502
1517175289319,1277,1103.15,1244,0.89654,1245.02,0.14295,1198.51726668,1118.24,1118.24,1245.02,11.337,143241.66671,171677610.8605291
1517175294989,1277,1103.15,1244,0.92844,1245,0.14453,1198.5213788,1118.4,1118.4,1245,11.32,143234.71511,171669868.2462611
1517175300815,1277,1103.15,1243.71,1.11303,1244.99,5.02188,1198.54032058,1119.87,1119.87,1243.71,11.058,143242.37898,171681766.8236762
1517175306209,1277,1103.15,1243.72,0.04824,1244.99,4.08096,1198.54296935,1118.46,1118.46,1244.99,11.313,143239.78763,171679040.3951011
1517175312328,1277,1103.15,1245,1.06414,1245.01,1.58123,1198.54646737,1119,1119,1244.99,11.259,143235.35611,171674230.0678116
1517175317784,1277,1103.15,1245,0.00187,1245.01,1.58123,1198.54779956,1119,1119,1245,11.26,143234.63564,171673557.366645
1517175323556,1277,1103.15,1243.75,0.48299,1245,0.50352,1198.5519075,1119.86,1119,1245,11.175,143247.29775,171689321.9631825
1517175329251,1277,1103.15,1244,0.02,1244.98,0.04818,1198.55388472,1119.86,1119.88,1245,11.175,143243.69846,171685291.2509203
1517175334433,1277,1103.15,1243.35,19.91786,1245,2.2677,1198.55687512,1119.86,1119.87,1243.35,11.027,143249.89708,171693149.0060452
1517175339970,1277,1103.15,1243.08,6.29595,1244.99,5,1198.57053467,1119.88,1119.88,1243.33,11.023,143260.44745,171707751.0977078
1517175345783,1277,1103.15,1243.08,0.30195,1244.94,0.388,1198.57692581,1119.88,1119.88,1243.08,11.001,143258.19508,171705967.0555061
1517175351684,1277,1103.15,1241.01,0.019,1244.9,0.688,1198.60181791,1119.88,1119.88,1241,10.815,143255.45493,171706248.704743
1517175357319,1277,1103.15,1240.89,0.1,1244.48,5.888,1198.60440699,1119.86,1119.88,1244.86,11.162,143252.51789,171703099.255489
1517175362721,1277,1103.15,1240.88,2.08609,1243.32,0.588,1198.60588827,1120.47,1119.86,1244.86,11.102,143249.81492,171700071.6566058
1517175368399,1277,1103.15,1241.01,0.589,1244.86,0.16656,1198.61477471,1119.86,1119.88,1244.86,11.162,143274.46068,171730885.4094524
1517175373982,1277,1103.15,1241.06,2.71406,1244.84,0.3,1198.61907378,1119.9,1120.47,1244.85,11.157,143280.76483,171739057.6311076
1517175379474,1277,1103.15,1241.09,0.589,1243.98,0.3,1198.62625138,1120.45,1120.44,1243,10.938,143279.09822,171738088.4009451
1517175385135,1277,1103.15,1243.75,0.39954,1243.98,0.768,1198.63180576,1119.88,1120.99,1243,10.994,143269.33019,171727175.95525
1517175390718,1277,1103.15,1241,1.12635,1243,0.142,1198.63859725,1119.88,1120.96,1240.1,10.735,143283.60893,171745264.0166409
1517175395969,1277,1103.15,1240.1,0.3,1242.98,0.3,1198.64215487,1119.9,1119.88,1242.99,10.991,143287.89279,171750908.5804648
1517175401757,1277,1103.15,1240.12,0.241,1242.92,0.861,1198.64364122,1120,1120,1240.1,10.723,143286.27994,171749188.3242949
1517175407343,1277,1103.15,1240.15,0.88503,1242.87,0.861,1198.64557309,1120,1119.88,1241.25,10.826,143289.82275,171753711.7088365
1517175412882,1277,1103.15,1240.42,0.6044,1242.81,0.237,1198.64586786,1120,1119.88,1241.25,10.826,143289.28575,171753110.2721713
1517175418527,1277,1103.15,1240.5,0.30472,1242.74,0.41301,1198.64728891,1120,1120,1242.78,10.962,143286.92774,171750487.4711835
1517175424003,1277,1103.15,1241.34,0.13882,1242.5,0.08616,1198.64956145,1120,1120,1242.5,10.938,143286.91058,171750792.5284403
1517175429424,1277,1103.15,1242.51,0.42998,1243.99,0.21354,1198.65906921,1120,1120,1242.51,10.938,143277.50466,171740880.3743112
1517175435227,1277,1103.15,1243,0.02275,1243.98,2.5,1198.66190609,1120,1120,1243,10.982,143275.5591,171738954.7665275
1517175440746,1277,1103.15,1240.01,0.589,1241.6,0.58904,1198.66711931,1120,1120,1240,10.714,143281.87674,171747274.4417547
1517175446325,1277,1103.15,1240.17,0.589,1241.25,55.7199,1198.669734,1120,1120,1241.25,10.826,143280.81764,171746379.5683105
1517175451899,1277,1103.15,1240.16,0.06926,1241.25,9.95398,1198.68446987,1120,1120,1241.25,10.826,143327.24346,171804140.8453106
1517175457319,1277,1103.15,1241.28,4.366,1242.99,0.52367,1198.75159414,1116.99,1116.98,1241.28,11.127,143227.98378,171694773.8819391
1517175462964,1277,1103.15,1241.26,0.538,1242.99,0.49492,1198.75631864,1113.79,1116.95,1242.99,11.6,143229.60268,171697391.2290392
1517175468218,1277,1103.15,1241.29,5,1242.99,0.49492,1198.75721227,1116.89,1116.9,1241.28,11.137,143228.27835,171695931.6729074
1517175474143,1277,1103.15,1241.26,0.0288,1241.28,0.31929,1198.75983884,1116.92,1116.92,1241.28,11.134,143230.17579,171698582.446999
1517175479586,1277,1103.15,1241.29,0.04832,1242,2.8314,1198.760975,1114.54,1114.47,1241.28,11.372,143228.67396,171696944.8445164
1517175485369,1277,1103.15,1241.29,0.07248,1242,0.65126,1198.76592469,1117.97,1117.98,1242,11.094,143223.24878,171691150.2609497
1517175490929,1277,1103.15,1241.3,3.91639,1242,0.65126,1198.76706758,1117.97,1118,1241.3,11.032,143222.87658,171690867.7675237
1517175496594,1277,1103.15,1240.01,0.68119,1241.28,0.19557,1198.77567891,1117.97,1117.97,1241.28,11.03,143252.45246,171727555.9536869
1517175502120,1277,1103.15,1240.05,0.29652,1242,4.49197,1198.77657077,1118,1117.99,1240.03,10.915,143252.83486,171728142.1263604
1517175507672,1277,1103.15,1240.05,3.0254,1241.99,0.52174,1198.77859192,1118,1117.97,1241.99,11.09,143253.01488,171728647.4655593
1517175512322,1277,1103.15,1241,11.65762,1241.99,0.29642,1198.78073084,1118.02,1118,1242,11.089,143251.23038,171726814.6488262
1517175518984,1277,1103.15,1241,2.98599,1241.99,0.29642,1198.78486405,1119.5,1119.49,1241,10.853,143261.65001,171739897.6313162
1517175524592,1277,1103.15,1241,2.66574,1241.99,0.29642,1198.78551185,1119.45,1119.5,1241,10.858,143260.97026,171739175.5615662
1517175529840,1277,1103.15,1241.01,1.31417,1241.99,0.07631,1198.79141155,1119.5,1119.5,1241.01,10.854,143251.44083,171728596.9586809
1517175535685,1277,1103.15,1242,5.12022,1243,1.16345,1198.79811887,1119.68,1119.5,1243,11.014,143249.80713,171727599.3165469
1517175541042,1277,1103.15,1242,3.69311,1243,1.22777,1198.80148063,1119.5,1119.5,1242,10.942,143246.24712,171723813.1426609
1517175546723,1277,1103.15,1241.02,0.45317,1242.99,0.48565,1198.8065365,1119.5,1119.5,1242.99,11.031,143248.395,171727112.2694036
1517175552260,1277,1103.15,1241.1,1.63454,1242.97,0.33792,1198.80985308,1119.69,1118.13,1241.1,10.843,143242.62836,171720674.2585
1517175557868,1277,1103.15,1241.11,0.00052,1242.97,0.33792,1198.81004979,1119.69,1118.13,1241.11,10.844,143243.29464,171721501.1788445
1517175563547,1277,1103.15,1241.1,7.22043,1242.97,0.33792,1198.81177855,1119.58,1118.21,1241.1,10.854,143240.71622,171718657.7722679
1517175569050,1277,1103.15,1241.1,4.06685,1242,0.06432,1198.81325926,1119.59,1119.59,1241.1,10.853,143243.6495,171722386.3252157
1517175574367,1277,1103.15,1241.11,5.404,1241.99,0.08,1198.81406595,1119.57,1119.99,1241.1,10.855,143242.18652,171720748.0369815
1517175580555,1277,1103.15,1241.14,5,1242.97,0.23906,1198.81473167,1118.35,1118.31,1241.13,10.979,143244.10744,171723146.2238243
1517175586132,1277,1103.15,1241.14,4.12384,1242.97,0.23906,1198.81501445,1119.97,1118.35,1241.14,10.819,143244.94105,171724186.0752542
1517175591611,1277,1103.15,1241.1,0.3753,1242.97,3.9028,1198.81725328,1118.49,1119.97,1241.1,10.962,143252.03169,171733007.1574826
1517175597328,1277,1103.15,1241.14,0.00158,1241.2,0.16,1198.81895764,1118.49,1119.97,1241.14,10.966,143257.79565,171740161.2550868
1517175602860,1277,1103.15,1240.1,0.10309,1241,0.01215,1198.82136352,1118.48,1119.2,1241,10.954,143264.36153,171748377.2339307
1517175608420,1277,1103.15,1240.01,0.554,1242.94,0.554,1198.82893887,1118.04,1118,1240,10.908,143270.75665,171757129.1660243
1517175614144,1277,1103.15,1240.04,0.254,1242.9,0.254,1198.83071567,1118.04,1118,1242.97,11.174,143276.8729,171764716.0777929
1517175619624,1277,1103.15,1240.05,0.74834,1242.84,5,1198.8310919,1118.93,1118.04,1240.05,10.825,143276.36525,171764161.3963635
1517175626007,1277,1103.15,1240.05,0.26373,1242.76,0.235,1198.83544308,1118.07,1118.06,1240.05,10.91,143271.05559,171758419.4087927
1517175631549,1277,1103.15,1240.12,2.66011,1242.92,10.15705,1198.84131097,1118.05,1118.07,1242.92,11.169,143278.01747,171767606.2963722
1517175636928,1277,1103.15,1241.06,0.554,1242.05,0.00146,1198.84602349,1118.05,1118.95,1241.1,11.006,143277.35065,171767482.0835675
1517175642098,1277,1103.15,1241.51,0.254,1242.05,0.06202,1198.84652386,1118.48,1118.05,1242.92,11.126,143278.30768,171768701.1067891
1517175647345,1277,1103.15,1241.51,0.04016,1242.05,0.06202,1198.84658753,1118.48,1118.05,1241.51,11,143278.52152,171768966.5912875
1517175652530,1277,1103.15,1241.5,1.29614,1242.05,0.06202,1198.8547341,1118.97,1118.95,1241.51,10.951,143263.96818,171752686.4788998
1517175659167,1277,1103.15,1241.51,5,1242.92,8.97359,1198.8549696,1118.09,1118.97,1242.92,11.165,143264.54488,171753411.5971049
1517175664889,1277,1103.15,1241.54,0.22,1242.92,3.9201,1198.8571928,1118.05,1118.05,1241.54,11.045,143268.94372,171759003.6839791
1517175670107,1277,1103.15,1241.56,0.07419,1242.91,0.13526,1198.86060654,1119,1118.95,1242.95,11.077,143274.05929,171765625.621501
1517175676169,1277,1103.15,1241.58,0.07419,1242.92,0.05367,1198.86253167,1118.95,1118.95,1242.94,11.081,143272.11237,171763567.3537806
1517175681500,1277,1103.15,1241.58,0.04019,1242.94,1.19346,1198.8637261,1119.89,1118.97,1241.58,10.866,143270.67131,171762010.8472354
1517175687321,1277,1103.15,1241.58,0.08331,1242.95,85.15608,1198.89052425,1119.89,1119.89,1242.95,10.989,143224.30606,171710263.3778588
1517175692838,1277,1103.15,1242.94,0.16961,1242.95,85.15608,1198.89207747,1119.9,1119.9,1242.94,10.987,143221.96054,171707673.8109203
1517175698545,1277,1103.15,1242,0.4183,1242.4,0.33039,1198.89391605,1119.89,1120,1242,10.904,143219.11663,171704527.5898862
1517175703781,1277,1103.15,1242,0.3843,1242.4,0.33039,1198.89406392,1119.89,1119.89,1242,10.904,143218.90113,171704290.4053312
1517175709330,1277,1103.15,1242,0.46273,1242.4,0.30807,1198.89568367,1119.89,1119.89,1242,10.904,143216.03284,171701083.604379
1517175715293,1277,1103.15,1242,3.22306,1242.4,0.30807,1198.89920808,1119.91,1119.89,1242,10.902,143210.00584,171694362.5900991
1517175720746,1277,1103.15,1242,2.84337,1242.4,0.30807,1198.90115255,1119.9,1119.89,1242,10.903,143207.06818,171691119.0945564
1517175726337,1277,1103.15,1242,2.68633,1242.4,0.26157,1198.90144502,1119.18,1119.9,1242.4,11.01,143206.85466,171690904.9890094
1517175731927,1277,1103.15,1242.39,0.74351,1242.94,0.14671,1198.90233932,1118.5,1118.5,1242.39,11.076,143206.33457,171690409.5209762
1517175736903,1277,1103.15,1242,2.72428,1242.87,0.02,1198.90631606,1118,1118,1242,11.091,143201.69466,171685416.1982011
1517175742872,1277,1103.15,1242.4,2.55312,1242.5,2.23953,1198.90816983,1118,1118,1242.88,11.17,143198.6287,171682005.8567491
1517175748894,1277,1103.15,1242.4,1.79533,1242.95,81.61234,1198.9118498,1118.49,1118.49,1242.95,11.128,143203.80323,171688736.6286746
1517175754382,1277,1103.15,1242.4,1.72633,1242.95,78.62736,1198.91279893,1118.49,1118.49,1242.95,11.128,143206.89057,171692573.999644
1517175759870,1277,1103.15,1242.4,1.7095,1242.88,1.37827,1198.91293189,1118,1118,1242.4,11.127,143206.68029,171692340.9320872
1517175765418,1277,1103.15,1242.5,0.36,1242.88,1.37827,1198.91317684,1118,1118.02,1242.4,11.127,143206.24659,171691856.0419142
1517175770691,1277,1103.15,1242.5,0.291,1242.88,1.37827,1198.91453592,1118,1118,1242.5,11.136,143203.94738,171689294.1156342
1517175775934,1277,1103.15,1242.5,0.80755,1242.88,1.37827,1198.91526194,1118.02,1118.01,1242.5,11.134,143202.66239,171687857.4899598
1517175782024,1277,1103.15,1242.6,0.79344,1242.88,1.37827,1198.91573594,1118,1118,1242.5,11.136,143202.62386,171687879.1729616
1517175787897,1277,1103.15,1240.11,0.083,1242.4,0.00019,1198.92202021,1118.12,1118,1242.4,11.115,143207.16141,171694219.265867
1517175793446,1277,1103.15,1241.66,0.00013,1242.39,0.86804,1198.92378015,1118.12,1118.12,1241.66,11.049,143209.25491,171696981.2498372
1517175799257,1277,1103.15,1241.66,0.00013,1242.39,0.80204,1198.92411094,1118.12,1118.12,1242.39,11.114,143208.77017,171696447.4541684
1517175804697,1277,1103.15,1241.54,0.00064,1242.88,0.53822,1198.92709003,1118.12,1118.12,1242.4,11.115,143206.43943,171694079.6998954
1517175810332,1277,1103.15,1241.66,0.66872,1242.91,0.03704,1198.93323694,1118.12,1118.12,1242.94,11.163,143202.14717,171689813.843956
1517175815493,1277,1103.15,1241.66,0.00133,1242.91,0.03704,1198.93361475,1118,1118.12,1241.66,11.061,143202.49793,171690288.4850878
1517175821702,1277,1103.15,1241.68,2.48307,1242.98,0.05454,1198.95861121,1118,1118.12,1241.68,11.063,143283.87428,171791434.9149392
1517175827104,1277,1103.15,1241.68,2.02873,1241.91,0.07329,1198.95900643,1118,1118,1241.91,11.083,143285.0743,171792930.3194393
1517175832855,1277,1103.15,1241.7,2.41543,1241.91,0.0013,1198.95977307,1118,1118,1241.7,11.064,143286.92856,171795263.3508085
1517175838543,1277,1103.15,1241.72,5.101,1243.99,0.101,1198.97151809,1118,1118,1244,11.27,143314.07857,171829498.3473653
1517175843628,1277,1103.15,1241.74,4.4744,1244.82,1.41154,1198.97426786,1117.94,1117.2,1241.74,11.074,143316.67821,171833009.3287827
1517175849427,1277,1103.15,1241.76,1.65452,1244.79,1.01,1198.97817372,1117,1117.94,1241.76,11.169,143317.99548,171835148.4823859
1517175855071,1277,1103.15,1242,5.55759,1244.77,9.24,1198.98093205,1117,1117.94,1245.02,11.461,143326.59548,171845855.0355263
1517175861038,1277,1103.15,1241.68,0.92252,1243.98,0.759,1198.98762277,1117.94,1117.93,1241.68,11.069,143336.19873,171858328.1718787
1517175865661,1277,1103.15,1242.32,5,1243.97,0.93,1198.99024172,1117.94,1117.94,1242.31,11.125,143335.52298,171857893.3450446
1517175872159,1277,1103.15,1242.32,4.86051,1243.97,0.93,1198.99435971,1117,1116.99,1242.32,11.219,143328.46965,171850026.6962885
1517175877814,1277,1103.15,1242.32,1.67896,1243.97,0.83645,1198.99557522,1117,1117,1243.97,11.367,143328.0034,171849641.8817884
1517175883507,1277,1103.15,1242.37,0.97319,1243.95,0.02411,1198.99638749,1117.9,1117,1243.94,11.275,143328.0255,171849784.8009983
1517175888950,1277,1103.15,1242.37,0.97319,1243.95,8.79161,1198.9971015,1117,1117.9,1243.95,11.365,143327.498,171849254.6673733
1517175894257,1277,1103.15,1242.37,0.93819,1243.89,0.23986,1198.99711209,1117,1117.9,1242.37,11.224,143327.533,171849298.1503233
1517175900179,1277,1103.15,1243.97,0.00105,1243.98,0.02411,1198.99835942,1117,1117,1243.97,11.367,143325.86253,171847474.0359686
1517175905855,1277,1103.15,1243.97,0.00802,1243.98,8.6394,1198.99936541,1117.88,1117,1243.98,11.28,143324.70681,171846232.5130729
1517175911049,1277,1103.15,1243.97,0.00163,1243.98,7.04619,1199.00285,1116.02,1117,1243.97,11.465,143321.81363,171843263.0092789
1517175916903,1277,1103.15,1243,0.16531,1243.98,5.47472,1199.00337521,1117,1116.02,1243.98,11.368,143323.36036,171845192.8173758
1517175923065,1277,1103.15,1243,0.13031,1243.97,1.13717,1199.00483908,1117,1117,1243,11.28,143322.16794,171843972.9072462
1517175928447,1277,1103.15,1242.49,0.92844,1244,0.95784,1199.01615136,1117.9,1117.9,1242.49,11.145,143333.93593,171859704.2181296
1517175934177,1277,1103.15,1244,1.83659,1244.68,0.04811,1199.01915845,1116.76,1117.91,1244,11.394,143332.23974,171858101.4725116
1517175939746,1277,1103.15,1244,0.97263,1244.98,0.6853,1199.03139177,1116.76,1116.75,1245.54,11.532,143367.57059,171902217.698866
1517175945246,1277,1103.15,1243.97,0.00901,1244,0.90862,1199.03186506,1116.76,1116.75,1243.97,11.391,143369.08149,171904097.1715932
1517175950926,1277,1103.15,1242.53,1.60845,1243.97,0.5799,1199.03187763,1116.76,1116.75,1242.53,11.262,143369.12261,171904148.2774012
1517175956228,1277,1103.15,1242.53,0.95955,1244,0.32871,1199.03236687,1116.75,1117.76,1242.53,11.263,143369.25942,171904382.4589298
1517175962543,1277,1103.15,1242.61,0.13896,1243.99,0.07462,1199.03351473,1117.76,1116.75,1242.53,11.163,143367.25942,171902148.9589298
1517175967873,1277,1103.15,1242.61,0.13896,1243.99,0.07462,1199.03422156,1116.76,1116.76,1242.53,11.262,143366.02579,171900771.130661
1517175973380,1277,1103.15,1242.61,0.06996,1243.99,0.07462,1199.03567497,1117.76,1116.82,1242.61,11.17,143363.59728,171898067.6308834
