1517174953248,0.105639,0.096498,0.104137,2.975,0.1042,2.687,0.10125114,0.096978,0.096893,0.104137,7.382,179797.61,18204.71208995
1517174958672,0.105639,0.096498,0.104109,1.658,0.1042,0.001,0.10125145,0.096917,0.096978,0.104109,7.421,179814.508,18206.47880583
1517174964542,0.105639,0.096498,0.104101,0.247,0.104109,0.001,0.10125182,0.096891,0.096891,0.104109,7.45,179803.49,18205.43011751
1517174970168,0.105639,0.096498,0.10412,1,0.104216,0.09,0.10125292,0.096878,0.096878,0.104121,7.476,179806.771,18205.96139933
1517174975766,0.105639,0.096498,0.104062,0.178,0.104203,3.214,0.10125305,0.096969,0.096969,0.104204,7.461,179803.571,18205.65990115
1517174981285,0.105639,0.096498,0.104072,0.178,0.104198,3.075,0.10125309,0.096878,0.096968,0.104198,7.556,179804.042,18205.71569207
1517174987141,0.105639,0.096498,0.104076,3.517,0.104193,0.144,0.10125337,0.096956,0.096962,0.104194,7.465,179808.35,18206.20112048
1517174992631,0.105639,0.096498,0.10408,1.495,0.104184,0.001,0.10125345,0.096853,0.096852,0.104184,7.569,179809.627,18206.34432325
1517174998168,0.105639,0.096498,0.104009,0.169,0.104174,0.715,0.10125376,0.096958,0.096856,0.104179,7.448,179810.996,18206.54011384
1517175003841,0.105639,0.096498,0.104034,0.139,0.104178,0.494,0.10125401,0.096891,0.096891,0.104183,7.526,179811.419,18206.62769807
1517175009394,0.105639,0.096498,0.104073,0.057,0.104074,0.001,0.10125417,0.09696,0.09696,0.104066,7.329,179806.695,18206.17709611
1517175014963,0.105639,0.096498,0.104079,0.319,0.104188,5.724,0.10125432,0.0969,0.0969,0.104078,7.408,179801.582,18205.68705643
1517175020769,0.105639,0.096498,0.104082,0.773,0.104192,4.592,0.10125461,0.096891,0.09696,0.104192,7.535,179804.924,18206.07725325
1517175026112,0.105639,0.096498,0.104002,1.724,0.104185,4.293,0.1012549,0.096891,0.096891,0.104002,7.339,179811.376,18206.78247693
1517175032203,0.105639,0.096498,0.104052,1.77,0.104162,0.634,0.10125553,0.096901,0.097057,0.104162,7.493,179794.49,18205.18659583
1517175037706,0.105639,0.096498,0.104058,5.01,0.10416,0.001,0.10125574,0.096943,0.096938,0.10416,7.445,179801.091,18205.89333024
1517175043281,0.105639,0.096498,0.10406,4.201,0.104225,0.316,0.10125638,0.096905,0.096905,0.10406,7.384,179799.719,18205.86812335
1517175049142,0.105639,0.096498,0.104076,4.003,0.104212,1.114,0.10125658,0.096905,0.096904,0.104076,7.4,179805.573,18206.49697388
1517175054685,0.105639,0.096498,0.104052,1.7,0.104187,2.458,0.10125688,0.097,0.096997,0.104074,7.293,179822.482,18208.26268136
1517175060281,0.105639,0.096498,0.104082,3.966,0.104182,1.162,0.10125714,0.096999,0.09695,0.104082,7.302,179813.865,18207.43855388
1517175065798,0.105639,0.096498,0.104083,0.202,0.104198,1.805,0.10125745,0.096999,0.096905,0.104198,7.422,179818.176,18207.92932086
1517175071326,0.105639,0.096498,0.104091,0.202,0.104192,4.624,0.10125753,0.096906,0.096905,0.10409,7.413,179822.377,18208.37036749
1517175077097,0.105639,0.096498,0.104089,3.365,0.104191,10.638,0.10125781,0.096905,0.096905,0.104191,7.519,179821.912,18208.3737447
1517175082826,0.105639,0.096498,0.104084,0.493,0.104191,8.823,0.10125821,0.096906,0.096906,0.104191,7.518,179830.909,18209.35561889
1517175088389,0.105639,0.096498,0.104081,0.001,0.104185,2.433,0.10125853,0.096905,0.096905,0.104081,7.405,179826.071,18208.92436264
1517175093869,0.105639,0.096498,0.104078,0.888,0.10418,2.411,0.10125863,0.096905,0.096905,0.104181,7.508,179830.837,18209.42339245
1517175099469,0.105639,0.096498,0.104061,0.202,0.104178,4.186,0.10125903,0.096907,0.096907,0.104179,7.504,179849.09,18211.34461839
1517175105090,0.105639,0.096498,0.104082,0.283,0.104174,0.322,0.10125955,0.096948,0.096908,0.104174,7.453,179847.975,18211.32435901
1517175110639,0.105639,0.096498,0.104078,1.957,0.104174,1.209,0.10125971,0.097013,0.097001,0.104078,7.283,179850.765,18211.63635732
1517175116223,0.105639,0.096498,0.104078,1.613,0.104173,8.606,0.10126005,0.097002,0.096918,0.104078,7.295,179840.095,18210.61751455
1517175121765,0.105639,0.096498,0.10408,0.001,0.104184,2.747,0.10126049,0.096904,0.096903,0.104184,7.513,179845.807,18211.27367403
1517175127026,0.105639,0.096498,0.104083,0.483,0.104181,0.596,0.10126062,0.097006,0.096904,0.104082,7.294,179850.905,18211.81470341
1517175133132,0.105639,0.096498,0.104079,1.434,0.104182,3.81,0.10126085,0.097001,0.096907,0.104182,7.403,179855.528,18212.32274693
1517175138672,0.105639,0.096498,0.104082,0.08,0.104185,1.903,0.10126115,0.09691,0.09691,0.104186,7.508,179866.822,18213.52067154
1517175144207,0.105639,0.096498,0.104082,0.321,0.10418,3.154,0.10126144,0.097006,0.09691,0.10418,7.395,179864.049,18213.29275105
1517175149829,0.105639,0.096498,0.104033,0.076,0.104176,3.214,0.10126179,0.096911,0.097006,0.104012,7.327,179873.517,18214.3136496
1517175155417,0.105639,0.096498,0.104066,0.037,0.104157,5.155,0.101262,0.096911,0.09691,0.104066,7.383,179880.167,18215.02552411
1517175161091,0.105639,0.096498,0.104014,0.926,0.104116,5.074,0.10126216,0.097004,0.096911,0.104014,7.227,179883.677,18215.40944649
1517175166554,0.105639,0.096498,0.104041,0.001,0.104117,0.001,0.10126232,0.09691,0.09691,0.104041,7.358,179883.624,18215.43273617
1517175172608,0.105639,0.096498,0.104042,0.001,0.10416,4.726,0.10126243,0.097004,0.096909,0.10416,7.377,179881.4,18215.22792585
1517175178080,0.105639,0.096498,0.104045,0.001,0.104158,8.414,0.10126265,0.096909,0.097004,0.104045,7.364,179891.768,18216.3162599
1517175183734,0.105639,0.096498,0.104044,4.295,0.104149,0.392,0.10126279,0.097003,0.097003,0.104044,7.259,179898.965,18217.07173225
1517175189569,0.105639,0.096498,0.104045,5.295,0.104158,3.914,0.10126305,0.096909,0.096909,0.104158,7.48,179912.849,18218.5236559
1517175194878,0.105639,0.096498,0.104049,3.4,0.104151,0.469,0.10126318,0.096908,0.096908,0.104152,7.475,179917.665,18219.03409107
1517175200844,0.105639,0.096498,0.104052,0.312,0.104152,1.149,0.10126336,0.096901,0.096955,0.104152,7.483,179924.785,18219.78836599
1517175206500,0.105639,0.096498,0.104043,4.975,0.104156,3.574,0.10126352,0.096912,0.096911,0.104156,7.475,179931.376,18220.48391879
1517175212037,0.105639,0.096498,0.1041,0.001,0.104156,2.143,0.10126364,0.096912,0.096912,0.104156,7.475,179936.237,18220.99773323
1517175217851,0.105639,0.096498,0.104055,0.974,0.104159,3.181,0.10126374,0.096992,0.096912,0.104159,7.389,179935.649,18220.95593137
1517175223483,0.105639,0.096498,0.104155,0.268,0.104183,7.993,0.10126404,0.096912,0.096912,0.104155,7.474,179940.813,18221.53348104
1517175228847,0.105639,0.096498,0.104062,0.69,0.104185,0.206,0.10126423,0.096901,0.0969,0.10406,7.388,179936.534,18221.1343428
1517175234646,0.105639,0.096498,0.10406,8.056,0.10418,4.751,0.10126435,0.096912,0.09699,0.10406,7.376,179939.807,18221.4876761
1517175240016,0.105639,0.096498,0.10407,3.929,0.104173,1.325,0.10126439,0.096908,0.09697,0.10407,7.391,179941.263,18221.64299531
1517175245731,0.105639,0.096498,0.1041,0.001,0.10417,3.631,0.10126459,0.096891,0.096891,0.10417,7.513,179941.033,18221.65478567
1517175251656,0.105639,0.096498,0.104071,5.562,0.104184,8.687,0.10126478,0.096979,0.096895,0.104071,7.313,179946.966,18222.28985399
1517175257286,0.105639,0.096498,0.104071,1.373,0.104167,0.174,0.10126481,0.096895,0.096978,0.104071,7.406,179947.548,18222.35479945
1517175262737,0.105639,0.096498,0.1041,4.639,0.104165,0.253,0.10126499,0.096987,0.096891,0.1041,7.334,179950.868,18222.72343412
1517175268410,0.105639,0.096498,0.104071,0.017,0.1041,0.331,0.10126527,0.096936,0.096986,0.1041,7.39,179961.658,18223.86574452
1517175273889,0.105639,0.096498,0.10407,0.001,0.104103,0.108,0.10126536,0.096912,0.096891,0.104106,7.423,179967.413,18224.46543141
1517175279554,0.105639,0.096498,0.104075,0.058,0.104103,0.001,0.1012655,0.096891,0.096891,0.104103,7.443,179961.82,18223.92398938
1517175285352,0.105639,0.096498,0.104077,0.001,0.104183,2.04,0.10126588,0.096891,0.096955,0.104077,7.417,179969.059,18224.72599536
1517175290869,0.105639,0.096498,0.104077,4.277,0.10418,0.174,0.10126596,0.096892,0.096892,0.104075,7.413,179973.235,18225.16195781
1517175296566,0.105639,0.096498,0.10407,3.898,0.104173,3.833,0.10126619,0.096891,0.096891,0.10407,7.409,179969.609,18224.83705175
1517175302120,0.105639,0.096498,0.104077,0.001,0.104173,0.088,0.10126645,0.096955,0.096892,0.104173,7.445,179974.058,18225.33307007
1517175307819,0.105639,0.096498,0.104022,0.484,0.104165,4.619,0.10126725,0.096892,0.096985,0.104021,7.358,179948.249,18222.86418821
1517175313183,0.105639,0.096498,0.104015,0.003,0.104158,0.392,0.1012674,0.096936,0.096891,0.104015,7.303,179952.978,18223.37098754
1517175318907,0.105639,0.096498,0.104022,0.154,0.104151,3.214,0.10126773,0.096892,0.096892,0.104152,7.493,179948.057,18222.93046458
1517175324437,0.105639,0.096498,0.104023,0.628,0.104145,4.626,0.10126783,0.096893,0.096892,0.104023,7.359,179954.866,18223.63905042
1517175330102,0.105639,0.096498,0.104027,0.282,0.10414,3.193,0.10126805,0.096936,0.096983,0.10414,7.432,179956.709,18223.86522633
1517175335670,0.105639,0.096498,0.104015,1.256,0.104135,1.7,0.10126821,0.096894,0.096893,0.104136,7.474,179960.94,18224.32141282
1517175341268,0.105639,0.096498,0.104018,0.001,0.104125,20,0.10126834,0.096936,0.096894,0.104018,7.306,179966.14,18224.87181877
1517175346673,0.105639,0.096498,0.104021,0.31,0.104124,4.159,0.1012685,0.096936,0.096936,0.104124,7.415,179973.281,18225.62452423
1517175352560,0.105639,0.096498,0.10402,0.034,0.104125,18.709,0.10126887,0.096986,0.096895,0.104125,7.361,179971.732,18225.53366181
1517175358129,0.105639,0.096498,0.104009,0.531,0.104118,0.012,0.10126901,0.096895,0.096986,0.10401,7.343,179972.457,18225.63173893
1517175363698,0.105639,0.096498,0.104007,0.512,0.104125,17.994,0.10126912,0.096896,0.096987,0.104125,7.461,179973.382,18225.74531066
1517175369351,0.105639,0.096498,0.104009,0.777,0.104119,1.386,0.10126928,0.096896,0.096896,0.104009,7.341,179977.685,18226.21111013
1517175374969,0.105639,0.096498,0.104008,2.456,0.104113,5.23,0.10126944,0.096988,0.096896,0.104113,7.346,179981.683,18226.64392428
1517175380511,0.105639,0.096498,0.104007,0.784,0.104122,3.194,0.10126985,0.096936,0.096936,0.104122,7.413,179972.185,18225.75680659
1517175386255,0.105639,0.096498,0.104007,0.02,0.104113,0.001,0.10126992,0.096936,0.096936,0.104113,7.404,179973.661,18225.91745033
1517175391885,0.105639,0.096498,0.104005,3.977,0.104111,0.666,0.10127008,0.096999,0.096936,0.10411,7.331,179982.538,18226.84674341
1517175397333,0.105639,0.096498,0.10401,0.667,0.10411,0.267,0.10127041,0.096936,0.096905,0.10401,7.298,179983.412,18226.99328731
1517175402902,0.105639,0.096498,0.104002,4.081,0.104104,0.516,0.10127053,0.097,0.096936,0.104104,7.324,179987.061,18227.3846399
1517175408444,0.105639,0.096498,0.104003,3.19,0.104103,1.722,0.10127072,0.096936,0.096936,0.104103,7.394,179997.071,18228.43373017
1517175413998,0.105639,0.096498,0.104,3.168,0.104102,0.895,0.10127096,0.09693,0.096998,0.104,7.294,180007.244,18229.50710164
1517175419655,0.105639,0.096498,0.10401,0.003,0.104107,0.162,0.10127122,0.09693,0.096896,0.104107,7.404,180003.622,18229.18693428
1517175425147,0.105639,0.096498,0.104002,1.333,0.104104,1.707,0.10127219,0.096948,0.096898,0.104002,7.276,179989.699,18227.95060161
1517175430738,0.105639,0.096498,0.103979,0.265,0.104104,3.215,0.10127282,0.096995,0.096995,0.103977,7.198,180009.482,18230.06806791
1517175436263,0.105639,0.096498,0.103979,0.003,0.104095,0.166,0.10127308,0.096901,0.0969,0.103979,7.304,180009.071,18230.07226452
1517175441378,0.105639,0.096498,0.103968,0.607,0.104089,5.162,0.10127381,0.096905,0.096902,0.104089,7.413,179997.935,18229.07607881
1517175447288,0.105639,0.096498,0.10397,0.702,0.104083,6.92,0.10127415,0.096997,0.096905,0.103973,7.192,180004.465,18229.79902995
1517175453020,0.105639,0.096498,0.103972,0.491,0.10408,1.7,0.10127431,0.09693,0.096997,0.103972,7.265,180008.709,18230.25705033
1517175458553,0.105639,0.096654,0.103967,0.822,0.104069,1.651,0.10127804,0.096892,0.096892,0.104069,7.407,179879.4,18217.83368046
1517175464190,0.105639,0.096654,0.103969,1.159,0.104064,0.001,0.10127818,0.096885,0.096772,0.103969,7.312,179879.247,18217.84282554
1517175469987,0.105639,0.096654,0.104069,0.183,0.10407,2.471,0.10127846,0.09688,0.09688,0.104069,7.421,179884.506,18218.42534331
1517175475560,0.105639,0.096654,0.103968,2.691,0.104067,0.117,0.10127868,0.096875,0.096875,0.104067,7.424,179885.259,18218.54113005
1517175481451,0.105639,0.096749,0.103962,14.083,0.103963,1.982,0.10127926,0.096875,0.096875,0.103963,7.317,179911.352,18221.28830692
1517175486878,0.105639,0.096754,0.103962,13.086,0.103963,0.001,0.10127948,0.096877,0.096871,0.103962,7.313,179910.751,18221.26796313
1517175492550,0.105639,0.096762,0.103962,7.435,0.103963,1.813,0.10127961,0.096861,0.096759,0.103962,7.331,179916.528,18221.87582463
1517175497907,0.105639,0.096762,0.103963,0.178,0.104067,5.36,0.10127971,0.096874,0.096762,0.10407,7.428,179917.599,18222.00289661
1517175503859,0.105639,0.096771,0.103962,3.634,0.104062,5.119,0.10127989,0.096868,0.096771,0.103962,7.323,179912.86,18221.55523258
1517175509481,0.105639,0.096771,0.103963,3.612,0.104059,0.179,0.1012802,0.096865,0.096773,0.103963,7.328,179909.17,18221.23605788
1517175515154,0.105639,0.09678,0.103965,0.907,0.104068,6.492,0.10128043,0.096865,0.096866,0.103964,7.329,179909.5,18221.31068274
1517175520577,0.105639,0.09678,0.103966,0.772,0.104064,2.918,0.10128063,0.096874,0.096875,0.103966,7.321,179912.979,18221.69904315
1517175526072,0.105639,0.09678,0.103964,8.053,0.104065,5.044,0.10128066,0.096874,0.096874,0.103964,7.319,179914.247,18221.83307753
1517175531837,0.105639,0.09678,0.103963,0.455,0.104064,1.127,0.10128088,0.096874,0.096874,0.104064,7.422,179924.56,18222.91796473
1517175537365,0.105639,0.09678,0.103963,0.271,0.104063,3.331,0.10128102,0.096867,0.096867,0.104063,7.429,179925.135,18223.00084993
1517175542839,0.105639,0.09678,0.103943,0.325,0.104063,0.831,0.10128133,0.096874,0.096874,0.103943,7.297,179935.711,18224.12745022
1517175548306,0.105639,0.09679,0.103938,0.06,0.104049,4.954,0.10128174,0.096882,0.096782,0.103946,7.291,179939.055,18224.54084485
1517175554006,0.105639,0.096792,0.103962,0.001,0.104047,0.245,0.10128221,0.096792,0.096885,0.104047,7.495,179948.998,18225.63192127
1517175559357,0.105639,0.096793,0.103962,0.001,0.104039,3.215,0.10128233,0.096874,0.096792,0.10404,7.397,179949.755,18225.73065869
1517175565057,0.105639,0.096793,0.103936,1.664,0.104037,3.444,0.10128282,0.096885,0.096885,0.104037,7.382,179948.555,18225.69769459
1517175570443,0.105639,0.096793,0.103949,7.644,0.10404,3.037,0.10128301,0.096903,0.096903,0.104036,7.361,179956.204,18226.5057287
1517175576313,0.105639,0.096793,0.103949,2.529,0.10404,2.961,0.1012832,0.096885,0.096885,0.10404,7.385,179957.261,18226.64773995
1517175581915,0.105639,0.096793,0.103949,1.149,0.10404,0.023,0.10128329,0.096899,0.096885,0.103949,7.276,179961.65,18227.1071357
1517175587474,0.105639,0.096793,0.10394,8.23,0.10406,0.819,0.1012834,0.096903,0.096887,0.10395,7.272,179962.92,18227.25638923
1517175593087,0.105639,0.096811,0.103952,1.858,0.104066,1.935,0.10128401,0.096948,0.096886,0.104063,7.339,179955.854,18226.6496842
1517175598700,0.105639,0.096816,0.10396,7.761,0.104057,3.077,0.10128414,0.096886,0.096817,0.10396,7.301,179963.54,18227.45211476
1517175604094,0.105639,0.096816,0.103957,3.587,0.104056,1.121,0.10128456,0.096903,0.096827,0.103957,7.279,179965.925,18227.76947981
1517175609662,0.105639,0.096816,0.10395,6.36,0.10404,0.418,0.10128479,0.096832,0.096831,0.10404,7.444,179979.251,18229.16109529
1517175615362,0.105639,0.096816,0.103951,0.001,0.104057,0.418,0.10128491,0.096956,0.09686,0.103951,7.215,179977.943,18229.04995437
1517175620483,0.105639,0.096816,0.103958,0.05,0.104054,1.287,0.10128516,0.096867,0.096866,0.103952,7.314,179985.182,18229.82721348
1517175626701,0.105639,0.096816,0.103961,0.442,0.104056,0.26,0.10128541,0.096867,0.096867,0.103961,7.323,179997.306,18231.10018146
1517175632474,0.105639,0.096816,0.103959,1.23,0.104056,3.945,0.10128562,0.096868,0.096963,0.104057,7.421,179994.562,18230.86035861
1517175637978,0.105639,0.096816,0.103951,2.354,0.104055,3.682,0.10128585,0.096871,0.096871,0.104055,7.416,179996.197,18231.06700304
1517175643571,0.105639,0.096816,0.103953,0.342,0.104053,0.172,0.10128593,0.096969,0.096872,0.104053,7.305,180000.851,18231.55335377
1517175649086,0.105639,0.096816,0.10397,0.001,0.104054,14.101,0.10128613,0.096872,0.096868,0.10397,7.327,180009.657,18232.48172903
1517175654850,0.105639,0.096816,0.103956,3.387,0.104054,12.56,0.10128643,0.096958,0.09686,0.103956,7.218,180003.342,18231.89677083
1517175659832,0.105639,0.096816,0.103956,1.979,0.104053,5.732,0.10128649,0.096962,0.09686,0.104052,7.312,180005.581,18232.13375064
1517175666125,0.105639,0.096816,0.103956,0.001,0.104053,4.205,0.10128673,0.096962,0.096871,0.104053,7.313,180011.442,18232.77010198
1517175671592,0.105639,0.096816,0.103958,0.376,0.104052,1,0.1012868,0.096876,0.096962,0.104053,7.408,180011.984,18232.83803626
1517175677293,0.105639,0.096816,0.103942,1.107,0.10405,0.067,0.10128707,0.096957,0.096962,0.104051,7.317,180028.47,18234.55662371
1517175682732,0.105639,0.096816,0.103954,2.939,0.104054,7.145,0.1012872,0.09688,0.096876,0.104054,7.405,180031.381,18234.87454387
1517175688272,0.105639,0.096816,0.103948,2.03,0.104053,2.689,0.10128751,0.096961,0.096881,0.104053,7.314,180037.759,18235.57569075
1517175693886,0.105639,0.096816,0.103953,1.326,0.104053,0.102,0.10128769,0.096882,0.096963,0.103953,7.299,180045.246,18236.36793455
1517175699323,0.105639,0.096816,0.103956,0.001,0.10405,0.092,0.10128775,0.096883,0.096883,0.103956,7.301,180045.522,18236.40660271
1517175705179,0.105639,0.096816,0.103953,0.001,0.10405,0.058,0.10128784,0.096883,0.096883,0.103953,7.297,180045.175,18236.38752092
1517175710936,0.105639,0.096816,0.103954,4.403,0.104054,4.873,0.10128802,0.09699,0.096989,0.104054,7.283,180043.26,18236.22513467
1517175716447,0.105639,0.096816,0.103954,2.522,0.104052,1.62,0.10128819,0.096889,0.096889,0.104052,7.393,180040.02,18235.92750399
1517175721807,0.105639,0.096816,0.103954,0.001,0.104049,1.6,0.10128833,0.096894,0.096895,0.103954,7.286,180039.128,18235.86203089
1517175727496,0.105639,0.096816,0.103953,17.645,0.103954,6.612,0.10128849,0.0969,0.096898,0.103954,7.28,180034.672,18235.43995927
1517175733033,0.105639,0.096816,0.103953,12.434,0.104049,4.853,0.10128899,0.096899,0.096898,0.104049,7.379,180033.498,18235.4108219
1517175737915,0.105639,0.096816,0.103955,0.324,0.10404,0.58,0.10128922,0.0969,0.096984,0.10405,7.379,180027.453,18234.84091468
1517175744240,0.105639,0.096816,0.103953,6.97,0.104049,4.952,0.10128937,0.096903,0.096901,0.103953,7.275,180032.671,18235.39549556
1517175749710,0.105639,0.096816,0.103953,0.142,0.10405,0.31,0.10128955,0.096954,0.096988,0.103953,7.219,180038.505,18236.01849174
1517175755704,0.105639,0.096816,0.103951,1.973,0.104049,3.11,0.10128986,0.096986,0.096988,0.10395,7.18,180033.274,18235.54478596
1517175761380,0.105639,0.096816,0.103956,0.001,0.10405,3.621,0.10129004,0.096981,0.096984,0.10405,7.289,180038.723,18236.12869585
1517175767847,0.105639,0.096816,0.103927,0.001,0.104038,1.782,0.10129028,0.096883,0.096915,0.103927,7.271,180049.48,18237.26202852
1517175773590,0.105639,0.096816,0.103929,0.143,0.104032,2.485,0.1012904,0.096975,0.096978,0.104032,7.277,180055.486,18237.89287709
1517175779210,0.105639,0.096816,0.103935,1.045,0.10403,2.896,0.10129066,0.096874,0.09697,0.103935,7.289,180049.977,18237.38047839
1517175784829,0.105639,0.096816,0.103937,0.003,0.104036,4.954,0.10129088,0.09697,0.09697,0.104036,7.287,180045.024,18236.91969539
1517175790167,0.105639,0.096816,0.103938,0.001,0.104,0.029,0.10129114,0.096973,0.096974,0.103938,7.182,180035.815,18236.03333088
1517175796172,0.105639,0.096816,0.103923,0.153,0.104028,3.367,0.10129128,0.096912,0.096981,0.104,7.314,180038.156,18236.29591466
1517175801412,0.105639,0.096816,0.103923,0.2,0.104,6.099,0.10129137,0.096978,0.096977,0.104,7.241,180037.421,18236.23652139
1517175807220,0.105639,0.096816,0.103922,4.459,0.104,6.107,0.1012916,0.096978,0.096977,0.103922,7.16,180028.993,18235.42406406
1517175812853,0.105639,0.096816,0.103923,0.56,0.104,5.149,0.10129169,0.096978,0.096881,0.104,7.241,180030.621,18235.605674
1517175818410,0.105639,0.096816,0.103922,2.924,0.104,3.603,0.10129209,0.096978,0.096978,0.103922,7.16,180017.404,18234.33979633
1517175823899,0.105639,0.096816,0.103922,2.077,0.103998,0.024,0.10129271,0.096978,0.096978,0.103922,7.16,179998.726,18232.55883998
1517175829109,0.105639,0.096816,0.103923,0.001,0.104,0.176,0.10129326,0.096901,0.096936,0.103923,7.247,179983.163,18231.08152531
1517175835285,0.105639,0.096816,0.10391,0.979,0.103921,4.404,0.10129355,0.096936,0.096977,0.103921,7.206,179989.378,18231.76325844
1517175840795,0.105639,0.096816,0.103929,0.001,0.103998,0.001,0.10129376,0.096937,0.096936,0.103998,7.284,179992.929,18232.16061921
1517175846555,0.105639,0.096816,0.103904,1.196,0.103999,4.942,0.10129385,0.096938,0.096975,0.103904,7.186,179997.782,18232.66797357
1517175852208,0.105639,0.096816,0.103906,0.001,0.104,0.111,0.10129402,0.096937,0.096937,0.104,7.286,179993.354,18232.24970265
1517175857752,0.105639,0.096816,0.103902,0.007,0.103998,4.887,0.10129432,0.096977,0.096936,0.103902,7.141,179992.914,18232.26036773
1517175863361,0.105639,0.096816,0.103901,10.321,0.103996,4.887,0.10129434,0.096918,0.096918,0.103997,7.304,179993.156,18232.28839988
1517175868898,0.105639,0.096816,0.103901,8.747,0.103999,0.826,0.1012946,0.096901,0.096972,0.103901,7.224,179989.095,18231.92269564
1517175874653,0.105639,0.096816,0.103902,0.017,0.103999,0.124,0.1012947,0.096901,0.096971,0.103999,7.325,179992.814,18232.31842561
1517175879877,0.105639,0.096816,0.103901,4.875,0.103996,0.001,0.10129512,0.096972,0.096972,0.103996,7.243,179984.651,18231.56649954
1517175885385,0.105639,0.096816,0.103902,0.106,0.103998,0.01,0.10129532,0.096972,0.096977,0.103901,7.145,179988.714,18232.01416076
1517175891346,0.105639,0.096816,0.103901,1.536,0.103999,1.717,0.10129557,0.096972,0.096977,0.103901,7.145,180000.932,18233.29775133
1517175896750,0.105639,0.096816,0.103901,1.761,0.103997,2.094,0.10129602,0.096977,0.09698,0.1039,7.139,180003.678,18233.65596229
1517175902698,0.105639,0.096816,0.103852,0.879,0.103891,0.001,0.10129627,0.096983,0.096977,0.103852,7.083,180015.898,18234.93918718
1517175908242,0.105639,0.096816,0.10385,30.682,0.103989,0.154,0.10129667,0.096972,0.096972,0.10385,7.093,180005.414,18233.94882079
1517175913968,0.105639,0.096816,0.103854,0.11,0.103981,4.93,0.10129674,0.096973,0.096973,0.103854,7.096,180008.567,18234.28060054
1517175919607,0.105639,0.096816,0.10386,1.63,0.103901,0.034,0.10129702,0.096972,0.096972,0.103902,7.146,180012.267,18234.70658093
1517175925304,0.105639,0.096816,0.103863,0.178,0.103982,0.176,0.10129718,0.096971,0.096971,0.103862,7.106,180010.178,18234.52306727
1517175930860,0.105639,0.096816,0.103865,1.681,0.103959,2.449,0.10129729,0.096971,0.096971,0.103865,7.109,180012.721,18234.80129553
1517175936394,0.105639,0.096816,0.103856,0.01,0.103955,3.712,0.10129747,0.096971,0.096971,0.103955,7.202,180019.242,18235.49372034
1517175942213,0.105639,0.096816,0.103851,13.881,0.103852,2.152,0.10129781,0.096989,0.096989,0.103852,7.076,180020.975,18235.73049934
1517175947857,0.105639,0.096816,0.103853,2.358,0.10397,5.176,0.10129818,0.096971,0.096988,0.103968,7.216,180021.15,18235.81466934
1517175953539,0.105639,0.096816,0.103851,10.394,0.103967,4.012,0.10129841,0.096901,0.096901,0.103851,7.172,180030.415,18236.79564266
1517175959058,0.105639,0.096816,0.103865,3.079,0.103965,0.08,0.10129861,0.096985,0.096901,0.103865,7.094,180035.218,18237.31823113
1517175964731,0.105639,0.096816,0.103866,1.912,0.103963,1.014,0.10129883,0.096902,0.096902,0.103866,7.187,180043.064,18238.15090657
1517175970103,0.105639,0.096816,0.103865,1.7,0.103961,2.312,0.10129891,0.096986,0.096902,0.103865,7.093,180049.037,18238.77203346
1517175976077,0.105639,0.096816,0.103866,0.406,0.103963,4.41,0.10129935,0.097,0.097,0.103963,7.178,180042.415,18238.1804256
