1517174952615,0.0008344,0.00068,0.0007997,331.88,0.0008,32.66,0.00076248,0.0006906,0.0006906,0.0008,15.841,9642520.59,7352.18606104
1517174958902,0.0008344,0.00068,0.0007997,370.33,0.0008,79.68,0.00076248,0.0006893,0.0006893,0.0008,16.06,9642184.56,7351.98492152
1517174963628,0.0008344,0.00068,0.0007997,149.06,0.0008,61.07,0.00076248,0.0006886,0.0006892,0.0008,16.178,9642206.92,7352.02684046
1517174969613,0.0008344,0.00068,0.0008,50,0.0008003,42.85,0.00076248,0.0006893,0.0006906,0.0007997,16.016,9642199.94,7352.030653
1517174975416,0.0008344,0.00068,0.0008,147.89,0.0008003,99.72,0.00076248,0.0006893,0.0006906,0.0008003,16.103,9642234.91,7352.05863948
1517174981317,0.0008344,0.00068,0.0007988,19.73,0.0008003,99.72,0.00076249,0.0006892,0.0006882,0.0007986,15.873,9643220.13,7352.84642179
1517174986929,0.0008344,0.00068,0.0008004,56.76,0.0008005,70.34,0.00076249,0.0006883,0.0006892,0.0008005,16.301,9643651.75,7353.19239351
1517174992322,0.0008344,0.00068,0.0008,2187.09,0.0008003,943.54,0.00076249,0.0006893,0.0006893,0.0008003,16.103,9643857.18,7353.3635306
1517174998157,0.0008344,0.00068,0.0008,1023.81,0.0008003,279.3,0.0007625,0.0006889,0.0006883,0.0008,16.127,9645787.32,7354.90821744
1517175003809,0.0008344,0.00068,0.0008003,0.01,0.0008005,236.18,0.0007625,0.0006905,0.0006906,0.0008005,15.93,9645962.27,7355.06041441
1517175009063,0.0008344,0.00068,0.0008,1577.39,0.000801,2.74,0.0007625,0.0006905,0.0006906,0.0008,15.858,9646288.71,7355.32168508
1517175015001,0.0008344,0.00068,0.0008,1533.02,0.000801,2.74,0.0007625,0.0006906,0.0006906,0.0008,15.841,9646312.17,7355.34274101
1517175020542,0.0008344,0.00068,0.0008,1514.88,0.000801,2.74,0.0007625,0.0006906,0.0006906,0.0008,15.841,9646396.08,7355.40987502
1517175026150,0.0008344,0.00068,0.0008001,226.19,0.0008005,176.98,0.0007625,0.0006893,0.0006906,0.0008001,16.074,9646537.57,7355.52429586
1517175032162,0.0008344,0.00068,0.0008001,0.01,0.0008005,131.62,0.00076251,0.0006905,0.0006893,0.0008005,15.93,9646797.4,7355.73350145
1517175037522,0.0008344,0.00068,0.0008,638.59,0.0008001,6.23,0.00076251,0.0006893,0.0006887,0.0008001,16.074,9647776.03,7356.54804433
1517175043148,0.0008344,0.00068,0.0008,638.59,0.0008001,349.27,0.00076251,0.0006893,0.0006887,0.0008001,16.074,9647926.95,7356.6687954
1517175049148,0.0008344,0.00068,0.0008,1906.57,0.0008001,141.69,0.00076251,0.0006897,0.0006884,0.0008,15.992,9648097.63,7356.81324434
1517175054684,0.0008344,0.00068,0.0008,433.38,0.0008001,225.48,0.00076252,0.0006897,0.0006884,0.0008001,16.007,9649585.36,7358.00342979
1517175059818,0.0008344,0.00068,0.0008,299.65,0.0008001,156.52,0.00076252,0.0006897,0.0006888,0.0008001,16.007,9649749.82,7358.14103358
1517175065492,0.0008344,0.00068,0.0008,213.93,0.0008001,523.05,0.00076252,0.0006897,0.0006888,0.0008,15.992,9649835.54,7358.20960958
1517175071177,0.0008344,0.00068,0.0008,308.91,0.0008001,533.36,0.00076252,0.0006897,0.0006889,0.0008,15.992,9649939,7358.29555425
1517175076679,0.0008344,0.00068,0.0008,268.12,0.0008001,529.61,0.00076252,0.0006889,0.0006897,0.0008001,16.142,9649978.09,7358.32742776
1517175082281,0.0008344,0.00068,0.0008,559.51,0.0008001,381.58,0.00076254,0.0006897,0.0006885,0.0008,15.992,9648733.52,7357.50490157
1517175087891,0.0008344,0.00068,0.0008,509.86,0.0008001,381.58,0.00076254,0.0006904,0.0006906,0.0008,15.875,9648102.23,7357.08197618
1517175093674,0.0008344,0.00068,0.0008,866.78,0.0008001,121.81,0.00076255,0.0006893,0.0006906,0.0008001,16.074,9648418.74,7357.41586723
1517175098547,0.0008344,0.00068,0.0008,918.19,0.0008007,512.34,0.00076256,0.0006893,0.0006906,0.0008001,16.074,9649476.16,7358.2618154
1517175104504,0.0008344,0.00068,0.0008001,26.52,0.0008007,512.34,0.00076256,0.0006894,0.0006894,0.0008,16.043,9649606.38,7358.36755303
1517175109908,0.0008344,0.00068,0.0008001,14.9,0.0008007,512.34,0.00076256,0.0006894,0.0006894,0.0008001,16.057,9649618,7358.37685019
1517175115947,0.0008344,0.00068,0.0008001,59.9,0.0008006,9.99,0.00076256,0.0006894,0.0006894,0.0008001,16.057,9649618,7358.37685019
1517175121832,0.0008344,0.00068,0.0008,1031.63,0.0008001,1212.16,0.00076256,0.0006894,0.0006894,0.0008001,16.057,9649682.72,7358.42863505
1517175126895,0.0008344,0.00068,0.0007997,78,0.0008,2095.11,0.00076256,0.0006893,0.0006894,0.0008,16.06,9650915.94,7359.42462833
1517175132684,0.0008344,0.00068,0.0007997,78,0.0008,2405.63,0.00076256,0.0006893,0.0006894,0.0008,16.06,9651211.38,7359.66098033
1517175138711,0.0008344,0.00068,0.0007997,78,0.0008,2400.49,0.00076256,0.0006893,0.0006894,0.0008,16.06,9651237.38,7359.68178033
1517175143849,0.0008344,0.00068,0.0007989,75.57,0.0007997,47.26,0.00076256,0.0006893,0.0006893,0.0008,16.06,9651453.19,7359.85490915
1517175149877,0.0008344,0.00068,0.0007989,30.76,0.0007997,0.01,0.00076256,0.0006893,0.0006893,0.0007989,15.9,9651518.2,7359.90984811
1517175155312,0.0008344,0.00068,0.0007986,2542.18,0.0008,1993.41,0.00076257,0.0006893,0.0006893,0.0007986,15.857,9652124.17,7360.39379263
1517175161138,0.0008344,0.00068,0.0007986,1928.25,0.0007997,374.12,0.00076257,0.0006893,0.0006893,0.0007986,15.857,9652763.51,7360.90437748
1517175166240,0.0008344,0.00068,0.0007985,17.38,0.0007986,248.84,0.00076257,0.0006894,0.0006893,0.0007986,15.84,9652996.21,7361.09289935
1517175172612,0.0008344,0.00068,0.0007982,173.76,0.0007987,62.11,0.00076258,0.0006894,0.0006893,0.0007986,15.84,9654202.81,7362.05613034
1517175178085,0.0008344,0.00068,0.0007982,173.76,0.0007984,1706.52,0.00076258,0.0006894,0.0006894,0.0007984,15.811,9654676.99,7362.43512993
1517175183862,0.0008344,0.00068,0.0007974,55.77,0.0007979,155.06,0.00076258,0.0006894,0.0006894,0.0007979,15.738,9655823.6,7363.3653224
1517175189494,0.0008344,0.00068,0.0007963,2.6,0.0007967,3300.87,0.00076259,0.0006893,0.0006893,0.0007967,15.581,9656414.98,7363.87333165
1517175194326,0.0008344,0.00068,0.0007962,118.05,0.0007967,3017.66,0.00076259,0.0006893,0.0006893,0.0007962,15.508,9656740.44,7364.1326047
1517175200675,0.0008344,0.00068,0.0007959,394.83,0.000796,25.78,0.0007626,0.0006891,0.0006894,0.000796,15.513,9659970.08,7366.7123475
1517175206514,0.0008344,0.00068,0.000796,290.52,0.0007963,324.22,0.00076261,0.0006891,0.0006894,0.000796,15.513,9661558.78,7367.97747413
1517175212163,0.0008344,0.00068,0.0007963,68.05,0.000797,34.51,0.00076262,0.0006889,0.0006888,0.0007963,15.59,9663129.73,7369.25414768
1517175217509,0.0008344,0.00068,0.0007963,7105.79,0.0007967,35.68,0.00076262,0.0006889,0.0006888,0.0007963,15.59,9663839.42,7369.81927381
1517175223461,0.0008344,0.00068,0.0007963,6609.77,0.0007974,5.42,0.00076262,0.0006889,0.0006889,0.0007963,15.59,9664889.71,7370.65860619
1517175228967,0.0008344,0.00068,0.000797,700.88,0.0007979,132.03,0.00076262,0.000689,0.0006887,0.000797,15.675,9664843.65,7370.64385492
1517175234510,0.0008344,0.00068,0.000797,693.72,0.0007978,14.99,0.00076262,0.000689,0.0006887,0.000797,15.675,9664850.81,7370.64956144
1517175240110,0.0008344,0.00068,0.0007978,14.99,0.0007979,88.77,0.00076262,0.0006889,0.000689,0.0007979,15.822,9664911.71,7370.69851535
1517175245567,0.0008344,0.00068,0.0007965,277.5,0.0007982,18.68,0.00076263,0.0006889,0.000689,0.000796,15.547,9666790.53,7372.19459537
1517175251226,0.0008344,0.00068,0.000796,143.45,0.0007964,22.62,0.00076264,0.0006889,0.000689,0.000796,15.547,9668294.11,7373.39174762
1517175256962,0.0008344,0.00068,0.0007961,248.59,0.0007965,58.35,0.00076264,0.0006889,0.000689,0.0007965,15.619,9668335.89,7373.42502312
1517175261366,0.0008344,0.00068,0.0007968,9.26,0.0007985,105.49,0.00076264,0.0006889,0.000689,0.0007985,15.909,9668547.12,7373.59326962
1517175268280,0.0008344,0.00068,0.0007961,696.89,0.0007965,9.28,0.00076264,0.0006889,0.000689,0.0007961,15.561,9668717.43,7373.72887319
1517175273792,0.0008344,0.00068,0.000797,19.8,0.0007985,31.44,0.00076264,0.0006889,0.000689,0.0007985,15.909,9668848.58,7373.83353423
1517175279240,0.0008344,0.00068,0.0007968,6.59,0.0007976,9.23,0.00076264,0.0006889,0.000689,0.0007968,15.663,9668954.13,7373.91768871
1517175284949,0.0008344,0.00068,0.0007969,19.78,0.0007984,5.12,0.00076264,0.0006889,0.000689,0.0007984,15.895,9669008.07,7373.96064306
1517175290343,0.0008344,0.00068,0.0007969,16.86,0.0007984,5.11,0.00076264,0.0006888,0.0006889,0.0007969,15.694,9668956.01,7373.92509537
1517175296387,0.0008344,0.00068,0.0007965,9.22,0.0007981,12.61,0.00076264,0.0006888,0.0006888,0.0007981,15.868,9668993.92,7373.95823563
1517175302092,0.0008344,0.00068,0.0007971,17.5,0.0007984,24.08,0.00076266,0.0006888,0.0006888,0.0007984,15.912,9666571.28,7372.30562719
1517175307664,0.0008344,0.00068,0.0007969,810.1,0.0007971,184.9,0.00076266,0.0006888,0.0006888,0.0007971,15.723,9666613.9,7372.3412111
1517175312633,0.0008344,0.00068,0.0007971,19.35,0.0007979,5.11,0.00076266,0.0006888,0.0006888,0.0007971,15.723,9667282.8,7372.87431048
1517175318756,0.0008344,0.00068,0.0007969,406.1,0.000797,612,0.00076266,0.0006888,0.0006888,0.000797,15.708,9667475.91,7373.02823808
1517175323939,0.0008344,0.00068,0.0007969,376.38,0.000797,345,0.00076266,0.0006888,0.0006888,0.000797,15.708,9667789.89,7373.27847544
1517175329927,0.0008344,0.00068,0.0007969,373.38,0.000797,293.86,0.00076268,0.0006886,0.0006887,0.000797,15.742,9665325.97,7371.58524546
1517175335803,0.0008344,0.00068,0.0007969,373.38,0.000797,287.26,0.00076268,0.0006885,0.0006886,0.000797,15.759,9665232.67,7371.52171454
1517175341036,0.0008344,0.00068,0.0007969,17.26,0.000797,304.33,0.00076268,0.0006885,0.0006885,0.0007969,15.744,9665369.64,7371.63162473
1517175346404,0.0008344,0.00068,0.0007968,57.68,0.0007969,577.2,0.00076269,0.0006884,0.0006884,0.0007969,15.761,9665317.48,7371.60677421
1517175352175,0.0008344,0.00068,0.0007968,40.31,0.0007969,821.01,0.00076269,0.0006884,0.0006878,0.0007968,15.747,9665328.01,7371.61590815
1517175357944,0.0008344,0.00068,0.0007962,56.53,0.0007966,5.11,0.00076269,0.000689,0.0006885,0.0007968,15.646,9665283.99,7371.58996732
1517175363512,0.0008344,0.00068,0.0007957,99.51,0.000796,1490.65,0.00076269,0.0006893,0.000689,0.000796,15.479,9666641.9,7372.67359492
1517175369117,0.0008344,0.00068,0.0007957,99.51,0.0007959,48.38,0.00076269,0.00069,0.000689,0.000796,15.362,9666657.83,7372.68687867
1517175374651,0.0008344,0.00068,0.0007957,50,0.0007959,69.06,0.00076269,0.0006892,0.0006907,0.0007959,15.482,9667048.43,7373.00942477
1517175380104,0.0008344,0.00068,0.0007955,13.33,0.0007959,68.26,0.0007627,0.0006891,0.0006892,0.0007955,15.44,9667076.49,7373.06190482
1517175385724,0.0008344,0.00068,0.0007957,4,0.0007959,68.26,0.0007627,0.0006891,0.0006892,0.0007955,15.44,9667076.49,7373.06190482
1517175391354,0.0008344,0.00068,0.0007955,124.57,0.000796,1266.82,0.0007627,0.0006891,0.0006891,0.0007955,15.44,9667627.74,7373.5077806
1517175396578,0.0008344,0.00068,0.0007955,469.44,0.000796,1252.12,0.0007627,0.000689,0.0006891,0.0007955,15.457,9667741.83,7373.59885795
1517175402717,0.0008344,0.00068,0.0007955,459.68,0.0007957,262.18,0.0007627,0.0006884,0.0006884,0.0007957,15.587,9667855.86,7373.6905317
1517175408051,0.0008344,0.00068,0.0007955,36.62,0.0007956,700,0.0007627,0.0006884,0.0006884,0.0007955,15.558,9668349.44,7374.08317886
1517175413812,0.0008344,0.00068,0.0007955,36.62,0.0007956,700,0.00076271,0.0006885,0.0006876,0.0007955,15.541,9667592.04,7373.56236212
1517175419239,0.0008344,0.00068,0.0007953,1.27,0.0007956,700,0.00076271,0.0006885,0.0006885,0.0007953,15.512,9667794.79,7373.72575942
1517175424935,0.0008344,0.00068,0.0007952,26.18,0.0007953,2034.79,0.00076271,0.0006883,0.0006883,0.0007952,15.531,9668744.13,7374.48450521
1517175430380,0.0008344,0.00068,0.0007952,23.18,0.0007953,2034.79,0.00076271,0.0006883,0.0006883,0.0007952,15.531,9668740.78,7374.48252012
1517175435661,0.0008344,0.00068,0.0007954,4652.42,0.0007955,110,0.00076272,0.0006881,0.0006883,0.0007954,15.594,9671072.54,7376.34334064
1517175441683,0.0008344,0.00068,0.0007956,351.09,0.0007957,249.69,0.00076273,0.0006874,0.0006881,0.0007956,15.74,9673255.35,7378.08274178
1517175446687,0.0008344,0.00068,0.0007957,7.45,0.0007961,34.1,0.00076273,0.0006873,0.0006873,0.0007961,15.83,9673644.84,7378.39373318
1517175452176,0.0008344,0.00068,0.0007957,309.86,0.0007961,8.75,0.00076273,0.0006873,0.0006873,0.0007957,15.772,9673909.31,7378.60416911
1517175458461,0.0008344,0.00068,0.0007956,0.01,0.0007961,8.75,0.00076273,0.0006869,0.0006869,0.0007956,15.825,9674295.23,7378.91261176
1517175463904,0.0008344,0.00068,0.0007955,429.97,0.0007961,4.98,0.00076273,0.0006869,0.0006869,0.0007955,15.81,9674495.49,7379.07195518
1517175469007,0.0008344,0.00068,0.0007955,1022.04,0.0007968,526.71,0.00076274,0.0006869,0.0006869,0.0007968,15.999,9675147.33,7379.5913236
1517175475185,0.0008344,0.00068,0.0007955,1609.43,0.0007968,526.71,0.00076274,0.0006869,0.0006869,0.0007955,15.81,9675438.18,7379.82305966
1517175481135,0.0008344,0.00068,0.0007956,0.01,0.0007969,1162.62,0.00076274,0.000688,0.0006869,0.0007956,15.64,9675784.28,7380.1035279
1517175486724,0.0008344,0.00068,0.0007956,295.12,0.0007969,1156.35,0.00076274,0.0006869,0.000688,0.0007969,16.014,9675836.88,7380.14539071
1517175492312,0.0008344,0.00068,0.0007956,208.06,0.000796,37.05,0.00076274,0.0006869,0.000688,0.000796,15.883,9675927.08,7380.21715508
1517175497863,0.0008344,0.00068,0.0007956,701.11,0.000796,37.05,0.00076274,0.000688,0.000688,0.0007955,15.625,9676101.26,7380.36011423
1517175502393,0.0008344,0.00068,0.000796,516.7,0.0007969,115.41,0.00076275,0.0006881,0.000688,0.0007969,15.812,9677012.12,7381.10522566
1517175508737,0.0008344,0.00068,0.0007961,37.54,0.000797,285.6,0.00076275,0.000689,0.0006883,0.000797,15.675,9676637.98,7380.86173124
1517175515010,0.0008344,0.00068,0.0007969,60,0.000797,285.6,0.00076275,0.000689,0.000689,0.000797,15.675,9676637.82,7380.861621
1517175520755,0.0008344,0.00068,0.0007969,19.5,0.000797,306.35,0.00076275,0.000689,0.000689,0.0007969,15.66,9676924.13,7381.08961398
1517175526484,0.0008344,0.00068,0.0007961,628.86,0.0007969,145.35,0.00076275,0.0006878,0.0006878,0.0007961,15.746,9676871.46,7381.06433329
1517175532080,0.0008344,0.00068,0.0007962,984.05,0.0007969,407.98,0.00076275,0.0006878,0.0006878,0.0007961,15.746,9676956.04,7381.13167183
1517175535808,0.0008344,0.00068,0.0007962,128.82,0.0007969,342.39,0.00076276,0.0006891,0.0006878,0.0007962,15.542,9677822.54,7381.82926983
1517175542892,0.0008344,0.00068,0.0007962,121.49,0.0007968,447.89,0.00076276,0.0006891,0.0006891,0.0007968,15.629,9677835.09,7381.84073701
1517175548167,0.0008344,0.00068,0.0007963,212.63,0.0007968,30.08,0.00076276,0.000689,0.0006891,0.0007968,15.646,9678224.92,7382.15925744
1517175554232,0.0008344,0.00068,0.0007969,3100.89,0.000797,54.98,0.00076276,0.0006891,0.0006891,0.000797,15.658,9678557.95,7382.45779839
1517175559883,0.0008344,0.00068,0.0007969,3165.61,0.000798,99.36,0.00076278,0.0006891,0.0006891,0.000798,15.803,9677758.74,7381.98276398
1517175565300,0.0008344,0.00068,0.0007971,19.74,0.000798,86.82,0.00076278,0.0006879,0.0006891,0.000798,16.005,9677758.41,7382.01919366
1517175571091,0.0008344,0.00068,0.000798,155.45,0.0007981,324.23,0.00076278,0.0006876,0.0006878,0.000798,16.056,9677644.71,7381.95055802
1517175576323,0.0008344,0.00068,0.000798,293.06,0.0007981,324.23,0.0007628,0.0006874,0.0006875,0.000798,16.09,9676274.63,7381.04040772
1517175581896,0.0008344,0.00068,0.000798,514.51,0.0007981,256.32,0.0007628,0.0006874,0.0006874,0.0007981,16.104,9676345.99,7381.09776237
1517175587809,0.0008344,0.00068,0.000798,481.59,0.0007981,57.46,0.0007628,0.0006874,0.0006874,0.0007981,16.104,9676577.77,7381.28274269
1517175593407,0.0008344,0.00068,0.0007981,727.54,0.0007984,16.4,0.0007628,0.0006874,0.0006874,0.0007981,16.104,9676650.23,7381.34057301
1517175598489,0.0008344,0.00068,0.0007982,67.36,0.0007984,16.4,0.0007628,0.0006874,0.0006874,0.0007981,16.104,9676650.23,7381.34057301
1517175603686,0.0008344,0.00068,0.0007982,121.26,0.0007985,4.06,0.0007628,0.0006869,0.0006874,0.0007984,16.232,9676647.34,7381.3404061
1517175610186,0.0008344,0.00068,0.0007975,19.77,0.000799,243.35,0.00076282,0.0006877,0.0006883,0.000799,16.184,9680860.07,7384.71349774
1517175615589,0.0008344,0.00068,0.0007959,29.06,0.000799,15,0.00076285,0.0006877,0.0006883,0.0007955,15.675,9691110.42,7392.87311101
1517175621221,0.0008344,0.00068,0.000799,35.99,0.0007991,12.66,0.00076285,0.0006875,0.0006859,0.0007991,16.233,9691199.32,7392.94826168
1517175626949,0.0008344,0.00068,0.0007975,19.81,0.000799,45.8,0.00076288,0.0006877,0.0006875,0.000799,16.184,9700160.24,7400.08798473
1517175632467,0.0008344,0.00068,0.0007976,2.82,0.000799,552.02,0.00076288,0.0006875,0.0006876,0.000799,16.218,9700205.72,7400.12535426
1517175637107,0.0008344,0.00068,0.0007977,2.82,0.0007989,792.85,0.00076289,0.0006875,0.0006876,0.000799,16.218,9701031.12,7400.78482754
1517175643245,0.0008344,0.00068,0.0007989,780.78,0.0007994,257.44,0.00076289,0.0006875,0.0006876,0.0007994,16.276,9701947.45,7401.51694054
1517175649014,0.0008344,0.00068,0.0007989,777.89,0.0007997,13.78,0.00076289,0.0006875,0.0006876,0.0007989,16.204,9702612,7402.04816311
1517175654766,0.0008344,0.00068,0.0007989,909.21,0.000799,234.12,0.00076289,0.0006875,0.0006875,0.0007994,16.276,9702623.14,7402.05852312
1517175659942,0.0008344,0.00068,0.000799,32.73,0.0007999,469.14,0.00076289,0.0006875,0.0006875,0.0007999,16.349,9703032.54,7402.38578645
1517175666186,0.0008344,0.00068,0.000799,1505.48,0.0007999,309.62,0.00076289,0.0006875,0.0006875,0.0007999,16.349,9703192.06,7402.51338648
1517175671447,0.0008344,0.00068,0.0007999,40.73,0.0008,253.89,0.0007629,0.0006875,0.0006875,0.0008,16.364,9703870.5,7403.06286089
1517175675971,0.0008344,0.00068,0.0007999,72.24,0.0008,253.89,0.0007629,0.0006875,0.0006875,0.0007999,16.349,9704073.55,7403.22640793
1517175682237,0.0008344,0.00068,0.0007999,66.49,0.0008,202.6,0.0007629,0.0006875,0.0006875,0.0008,16.364,9704130.59,7403.27203935
1517175688361,0.0008344,0.00068,0.0007999,66.49,0.0008,172.6,0.0007629,0.0006875,0.0006875,0.0008,16.364,9704141.59,7403.28297685
1517175693584,0.0008344,0.00068,0.0007992,5.64,0.0008,64.23,0.0007629,0.0006875,0.0006875,0.000799,16.218,9704359.96,7403.45762269
1517175698717,0.0008344,0.00068,0.0007991,64.09,0.0008,238.35,0.0007629,0.0006874,0.0006875,0.0008,16.381,9704154.92,7403.32097444
1517175703564,0.0008344,0.00068,0.0007999,254.94,0.0008,238.35,0.0007629,0.0006874,0.0006875,0.0007999,16.366,9704177.67,7403.33917158
1517175710932,0.0008344,0.00068,0.0007999,349.62,0.0008,842.16,0.0007629,0.0006863,0.0006874,0.0007999,16.553,9704204.34,7403.36083803
1517175715793,0.0008344,0.00068,0.0007999,394.82,0.0008,916.21,0.0007629,0.0006863,0.0006874,0.0007999,16.553,9704380.93,7403.50210717
1517175721553,0.0008344,0.00068,0.0007999,365.32,0.0008,1535.46,0.0007629,0.0006863,0.0006874,0.0007999,16.553,9704420.29,7403.53359122
1517175726745,0.0008344,0.00068,0.0007999,78.68,0.0008,1535.46,0.0007629,0.0006874,0.0006863,0.0007999,16.366,9704693.71,7403.75380165
1517175732458,0.0008344,0.00068,0.0007999,122.55,0.0008,916.21,0.00076292,0.0006875,0.0006875,0.0007999,16.349,9703041.3,7402.62547774
1517175738584,0.0008344,0.00068,0.000799,352.97,0.0007999,208.41,0.00076293,0.0006875,0.0006874,0.000799,16.218,9705452.57,7404.55321657
1517175744044,0.0008344,0.00068,0.0007989,120.44,0.000799,438.3,0.00076293,0.0006875,0.0006875,0.0007989,16.204,9706168.78,7405.15053011
1517175749851,0.0008344,0.00068,0.0007989,79.01,0.0007996,0.44,0.00076293,0.0006875,0.0006875,0.0007996,16.305,9706694.25,7405.5703796
1517175756257,0.0008344,0.00068,0.0007989,723.63,0.0007999,305.97,0.00076294,0.0006875,0.0006875,0.0007999,16.349,9707993.22,7406.60891043
1517175761296,0.0008344,0.00068,0.000799,2.82,0.0008,869.72,0.00076294,0.0006875,0.0006875,0.0008,16.364,9708352.18,7406.8960467
1517175766915,0.0008344,0.00068,0.0008,1878.49,0.0008001,303.53,0.00076295,0.0006875,0.0006874,0.0008001,16.378,9709647.53,7407.935565
1517175772695,0.0008344,0.00068,0.0008,1785.51,0.0008001,484.53,0.00076295,0.0006875,0.0006875,0.0008,16.364,9709761.62,7408.02862833
1517175778274,0.0008344,0.00068,0.0008001,11.55,0.000801,151.74,0.00076295,0.0006875,0.0006875,0.0008,16.364,9711335.66,7409.29533181
1517175784025,0.0008344,0.00068,0.0008,2176.07,0.0008005,121.2,0.00076295,0.0006875,0.0006875,0.0008,16.364,9711373.63,7409.32570896
1517175788364,0.0008344,0.00068,0.0008,1914.05,0.0008002,51.11,0.00076295,0.0006875,0.0006875,0.0008,16.364,9711635.65,7409.53532496
1517175795390,0.0008344,0.00068,0.0008,261.44,0.0008002,51.11,0.00076296,0.0006875,0.0006875,0.0008,16.364,9712697.24,7410.38612584
1517175800569,0.0008344,0.00068,0.0007999,58,0.0008,85.12,0.00076296,0.0006878,0.0006875,0.0008,16.313,9713295.49,7410.86834272
1517175806488,0.0008344,0.00068,0.0008,362.96,0.0008002,51.11,0.00076296,0.0006878,0.0006875,0.0008,16.313,9713433.64,7410.97886034
1517175811755,0.0008344,0.00068,0.0007999,173.36,0.0008,15.48,0.00076296,0.0006878,0.0006875,0.0008,16.313,9713919.53,7411.36761846
1517175817177,0.0008344,0.00068,0.0008,47.52,0.0008005,675.15,0.00076296,0.0006879,0.0006879,0.0008005,16.369,9713945.24,7411.39100144
1517175822464,0.0008344,0.00068,0.0008,36.11,0.0008005,625.19,0.00076297,0.0006879,0.0006879,0.0008,16.296,9713810.85,7411.30545912
1517175827830,0.0008344,0.00068,0.0008006,163.41,0.000801,215.8,0.00076297,0.0006879,0.0006879,0.0008006,16.383,9714441.66,7411.81042307
1517175834302,0.0008344,0.00068,0.000801,47.91,0.0008018,62.34,0.00076297,0.000688,0.0006879,0.0008019,16.555,9715269.64,7412.47376311
1517175840032,0.0008344,0.00068,0.0008011,5.62,0.0008018,62.34,0.00076297,0.0006891,0.0006891,0.0008019,16.369,9715253.64,7412.46274153
1517175845300,0.0008344,0.00068,0.0008006,16.81,0.0008015,500,0.00076297,0.0006891,0.0006891,0.0008019,16.369,9715619.14,7412.7558299
1517175850400,0.0008344,0.00068,0.0008006,16.81,0.0008015,500,0.00076297,0.0006891,0.0006891,0.0008019,16.369,9715619.14,7412.7558299
1517175856477,0.0008344,0.00068,0.0008006,16.81,0.0008015,703.11,0.00076297,0.0006878,0.0006879,0.0008015,16.531,9715502.39,7412.67797723
1517175862903,0.0008344,0.00068,0.0008001,44.69,0.0008006,93.18,0.00076298,0.0006891,0.0006878,0.0008006,16.181,9716269.4,7413.29297609
1517175868153,0.0008344,0.00068,0.0008,200.03,0.0008001,381.75,0.00076298,0.0006888,0.0006891,0.0008001,16.159,9715460.32,7412.74859072
1517175873920,0.0008344,0.00068,0.0008,270.56,0.0008001,299.45,0.00076299,0.0006886,0.0006888,0.0008,16.178,9715287.85,7412.64112398
1517175879324,0.0008344,0.00068,0.0008,381.49,0.0008001,278.35,0.00076299,0.0006886,0.0006888,0.0008001,16.192,9715308.95,7412.65800609
1517175885077,0.0008344,0.00068,0.0008,1381.93,0.0008001,278.35,0.00076299,0.0006886,0.0006888,0.0008,16.178,9715348.64,7412.68975809
1517175890597,0.0008344,0.00068,0.0008,1193.57,0.0008001,278.35,0.00076299,0.0006886,0.0006886,0.0008,16.178,9715272.61,7412.6485327
1517175896211,0.0008344,0.00068,0.0008,1261.48,0.0008001,147.37,0.00076299,0.0006886,0.0006886,0.0008,16.178,9715502.66,7412.83258579
1517175902192,0.0008344,0.00068,0.0008004,15.63,0.0008017,363.38,0.00076299,0.0006885,0.0006886,0.0008004,16.253,9716327.95,7413.50346713
1517175907607,0.0008344,0.00068,0.0008001,13.9,0.0008016,58.91,0.000763,0.0006885,0.0006886,0.0008,16.195,9716843.5,7413.91591626
1517175913350,0.0008344,0.00068,0.0008001,601.24,0.0008014,69.35,0.000763,0.0006885,0.0006885,0.0008,16.195,9717018.73,7414.05777471
1517175918729,0.0008344,0.00068,0.0008,888.79,0.0008002,9.18,0.000763,0.0006876,0.0006886,0.0008,16.347,9717751.96,7414.65648346
1517175923906,0.0008344,0.00068,0.0008,212.63,0.0008001,3033.14,0.000763,0.0006876,0.0006886,0.0008,16.347,9718261.14,7415.06382746
1517175929961,0.0008344,0.00068,0.000799,243.5,0.0007998,37.04,0.000763,0.0006886,0.0006876,0.0007998,16.149,9718521.3,7415.27351271
1517175935663,0.0008344,0.00068,0.0007989,82.49,0.0007999,61.32,0.00076301,0.0006886,0.0006876,0.0007989,16.018,9719443.77,7416.01051033
1517175941369,0.0008344,0.00068,0.0007984,17.05,0.0007989,108.1,0.00076301,0.0006886,0.0006876,0.0007989,16.018,9719726.45,7416.23634335
1517175946389,0.0008344,0.00068,0.0007984,9.21,0.0007999,0.32,0.00076301,0.0006886,0.0006886,0.0007999,16.163,9719807.6,7416.31965908
1517175952291,0.0008344,0.00068,0.0007985,9.23,0.0008,13.26,0.00076301,0.0006886,0.0006886,0.0008,16.178,9719729.8,7416.27830132
1517175957938,0.0008344,0.00068,0.0007989,1537.04,0.0007999,165.91,0.00076301,0.0006886,0.0006886,0.0007999,16.163,9719874.18,7416.39768638
1517175963700,0.0008344,0.00068,0.0007989,1534.3,0.0007999,31.89,0.00076301,0.0006886,0.0006886,0.0007999,16.163,9719975.94,7416.48297695
1517175968671,0.0008344,0.00068,0.0007989,1534.3,0.0007999,89.35,0.00076301,0.0006886,0.0006886,0.0007999,16.163,9720026.79,7416.52365186
1517175974492,0.0008344,0.00068,0.0007989,1743.56,0.0007999,395.72,0.00076301,0.0006886,0.0006886,0.0007989,16.018,9720070.67,7416.55870759
