1517174949663,0.00021599,0.000209,0.00021047,223,0.0002105,134,0.00021246,0.00021399,0.00021398,0.00021047,-1.645,3468114,736.84195281
1517174958812,0.00021599,0.000209,0.00021047,223,0.0002105,134,0.00021246,0.00021399,0.00021398,0.00021047,-1.645,3468114,736.84195281
1517174963087,0.00021599,0.000209,0.00021047,223,0.0002105,134,0.00021246,0.00021399,0.00021398,0.00021047,-1.645,3468114,736.84195281
1517174970174,0.00021599,0.000209,0.00021047,223,0.0002105,341,0.00021246,0.00021401,0.00021436,0.00021047,-1.654,3468023,736.822465
1517174975605,0.00021599,0.000209,0.00021047,152,0.0002105,281,0.00021246,0.00021399,0.00021401,0.0002105,-1.631,3467952,736.80680835
1517174981181,0.00021599,0.000209,0.00021047,162,0.0002105,281,0.00021246,0.00021399,0.00021401,0.0002105,-1.631,3467952,736.80680835
1517174986690,0.00021599,0.000209,0.00021048,130,0.0002105,281,0.00021246,0.000214,0.000214,0.00021047,-1.65,3468026,736.82218202
1517174992455,0.00021599,0.000209,0.0002101,248,0.0002105,281,0.00021246,0.000214,0.000214,0.0002101,-1.822,3467953,736.80557521
1517174998271,0.00021599,0.000209,0.00021011,29,0.0002107,465,0.00021246,0.000214,0.000214,0.0002105,-1.636,3468312,736.88111351
1517175002626,0.00021599,0.000209,0.00021012,80,0.00021069,46,0.00021246,0.000214,0.000214,0.0002105,-1.636,3468259,736.86977151
1517175009492,0.00021599,0.000209,0.00021013,16,0.00021069,46,0.00021246,0.00021399,0.000214,0.0002105,-1.631,3467788,736.76897751
1517175015025,0.00021599,0.000209,0.00021014,59,0.0002105,14,0.00021246,0.000214,0.00021399,0.0002107,-1.542,3467871,736.78643225
1517175020606,0.00021599,0.000209,0.00021015,67,0.0002105,14,0.00021246,0.000214,0.000214,0.00021015,-1.799,3466949,736.5890742
1517175025859,0.00021599,0.000209,0.00021014,46,0.00021046,54,0.00021246,0.000214,0.000214,0.00021015,-1.799,3466949,736.5890742
1517175032135,0.00021599,0.000209,0.00021016,80,0.00021069,46,0.00021246,0.000214,0.000214,0.00021008,-1.832,3468156,736.84260859
1517175037452,0.00021599,0.000209,0.00021008,412,0.00021059,29,0.00021246,0.000214,0.000214,0.00021008,-1.832,3467917,736.79146259
1517175043180,0.00021599,0.000209,0.00021047,11,0.00021058,16,0.00021246,0.00021434,0.000214,0.00021008,-1.987,3467907,736.78932259
1517175048982,0.00021599,0.000209,0.00021047,11,0.00021057,16,0.00021246,0.00021434,0.000214,0.00021008,-1.987,3467907,736.78932259
1517175054375,0.00021599,0.000209,0.00021047,11,0.00021056,13,0.00021246,0.00021434,0.00021434,0.0002106,-1.745,3467919,736.79167727
1517175060194,0.00021599,0.000209,0.00021047,11,0.00021056,8,0.00021246,0.00021434,0.00021434,0.00021056,-1.764,3467924,736.79273007
1517175065221,0.00021599,0.000209,0.00021047,11,0.00021056,8,0.00021246,0.00021434,0.00021434,0.00021056,-1.764,3467924,736.79273007
1517175069619,0.00021599,0.000209,0.00021008,408,0.00021056,8,0.00021246,0.000214,0.00021434,0.00021008,-1.832,3467892,736.78581158
1517175076829,0.00021599,0.000209,0.00021009,18,0.0002106,154,0.00021246,0.000214,0.000214,0.0002106,-1.589,3468023,736.81325724
1517175082762,0.00021599,0.000209,0.00021057,573,0.0002107,108,0.00021246,0.00021402,0.00021434,0.0002107,-1.551,3468293,736.869504
1517175088236,0.00021599,0.000209,0.00021057,373,0.0002107,108,0.00021246,0.00021402,0.00021434,0.00021057,-1.612,3468493,736.911618
1517175093802,0.00021599,0.000209,0.00021057,373,0.0002107,104,0.00021246,0.00021402,0.00021434,0.0002107,-1.551,3468497,736.9124608
1517175099431,0.00021599,0.000209,0.00021057,373,0.0002107,40,0.00021246,0.00021402,0.00021402,0.0002107,-1.551,3468551,736.9238054
1517175104466,0.00021599,0.000209,0.00021057,362,0.0002107,40,0.00021246,0.00021433,0.00021398,0.00021057,-1.754,3466587,736.50350596
1517175110419,0.00021599,0.000209,0.00021057,362,0.00021079,900,0.00021246,0.00021404,0.00021433,0.00021078,-1.523,3466824,736.55342219
1517175116106,0.00021599,0.000209,0.00021057,1080,0.00021079,900,0.00021246,0.00021404,0.00021433,0.00021078,-1.523,3466824,736.55342219
1517175120692,0.00021599,0.000209,0.00021057,1080,0.00021079,844,0.00021246,0.00021404,0.00021433,0.00021079,-1.518,3466880,736.56522643
1517175126700,0.00021599,0.000209,0.00021004,33,0.00021078,174,0.00021245,0.00021404,0.00021433,0.00021003,-1.873,3471292,737.49254237
1517175132777,0.00021599,0.000209,0.00021005,11,0.00021076,40,0.00021245,0.00021404,0.00021404,0.00021003,-1.873,3471282,737.49040197
1517175138298,0.00021599,0.000209,0.00021006,33,0.00021076,40,0.00021245,0.000214,0.00021404,0.00021003,-1.855,3471188,737.47028221
1517175143822,0.00021599,0.000209,0.00021076,130,0.00021078,1170,0.00021245,0.000214,0.00021404,0.00021076,-1.514,3471298,737.49346581
1517175149430,0.00021599,0.000209,0.00021006,11,0.00021076,46,0.00021245,0.000214,0.00021404,0.00021004,-1.85,3471452,737.52590557
1517175154767,0.00021599,0.000209,0.00021006,23,0.00021076,34,0.00021245,0.000214,0.00021404,0.00021076,-1.514,3471464,737.52843469
1517175160143,0.00021599,0.000209,0.00021007,33,0.00021076,34,0.00021245,0.00021404,0.000214,0.00021076,-1.532,3471454,737.52629469
1517175165638,0.00021599,0.000209,0.00021008,63,0.00021076,1192,0.00021245,0.00021404,0.000214,0.00021076,-1.532,3471454,737.52629469
1517175171877,0.00021599,0.000209,0.00021009,33,0.00021075,1170,0.00021245,0.00021404,0.000214,0.00021076,-1.532,3471454,737.52629469
1517175176568,0.00021599,0.000209,0.00021011,11,0.00021074,34,0.00021245,0.00021404,0.00021404,0.00021076,-1.532,3471352,737.50446261
1517175182839,0.00021599,0.000209,0.00021057,11,0.00021074,34,0.00021245,0.00021404,0.00021404,0.00021076,-1.532,3471352,737.50446261
1517175188215,0.00021599,0.000209,0.00021057,11,0.00021074,34,0.00021245,0.0002143,0.00021404,0.00021076,-1.652,3471342,737.50232221
1517175194195,0.00021599,0.000209,0.00021057,11,0.00021074,34,0.00021245,0.0002143,0.00021404,0.00021076,-1.652,3471342,737.50232221
1517175199762,0.00021599,0.000209,0.00021057,11,0.00021075,1064,0.00021245,0.00021404,0.00021404,0.00021075,-1.537,3471254,737.48297037
1517175205238,0.00021599,0.000209,0.00021057,11,0.00021073,93,0.00021245,0.000214,0.00021404,0.00021075,-1.519,3471230,737.47783341
1517175211369,0.00021599,0.000209,0.00021057,11,0.00021073,38,0.00021245,0.000214,0.00021404,0.00021073,-1.528,3471285,737.48942356
1517175216363,0.00021599,0.000209,0.00021057,11,0.00021074,1103,0.00021245,0.000214,0.00021404,0.00021074,-1.523,3471378,737.509022
1517175221813,0.00021599,0.000209,0.00021057,11,0.00021073,1064,0.00021245,0.000214,0.00021404,0.00021074,-1.523,3471386,737.51057962
1517175226629,0.00021599,0.000209,0.00021057,11,0.00021073,1542,0.00021245,0.000214,0.00021404,0.00021073,-1.528,3471677,737.57190205
1517175233776,0.00021599,0.000209,0.00021057,11,0.00021073,1542,0.00021245,0.000214,0.00021404,0.00021073,-1.528,3471677,737.57190205
1517175237828,0.00021599,0.000209,0.00021057,11,0.00021073,1229,0.00021245,0.000214,0.00021404,0.00021073,-1.528,3471990,737.63786054
1517175244545,0.00021599,0.000209,0.00021011,33,0.00021072,12,0.00021245,0.00021399,0.000214,0.0002101,-1.818,3472079,737.65633871
1517175250454,0.00021599,0.000209,0.00021012,100,0.00021073,1229,0.00021245,0.00021398,0.00021398,0.00021012,-1.804,3471798,737.59615443
1517175256235,0.00021599,0.000209,0.00021014,15,0.00021071,80,0.00021245,0.00021399,0.00021398,0.00021073,-1.523,3471999,737.63839709
1517175261255,0.00021599,0.000209,0.0002105,82,0.00021071,80,0.00021245,0.00021399,0.00021398,0.00021073,-1.523,3471999,737.63839709
1517175266768,0.00021599,0.000209,0.0002105,26,0.00021071,80,0.00021245,0.00021399,0.00021398,0.0002105,-1.631,3472055,737.65018509
1517175272604,0.00021599,0.000209,0.0002105,26,0.00021072,22,0.00021245,0.00021398,0.000214,0.00021072,-1.524,3472349,737.71207047
1517175278861,0.00021599,0.000209,0.0002105,26,0.00021079,171,0.00021245,0.00021398,0.00021398,0.00021079,-1.491,3473308,737.9140349
1517175284910,0.00021599,0.000209,0.0002105,26,0.0002107,1056,0.00021245,0.00021398,0.00021398,0.00021079,-1.491,3473308,737.9140349
1517175290343,0.00021599,0.000209,0.0002105,26,0.0002107,820,0.00021245,0.0002139,0.00021398,0.0002107,-1.496,3472820,737.80883858
1517175295724,0.00021599,0.000209,0.0002105,26,0.0002107,588,0.00021245,0.0002139,0.00021398,0.0002107,-1.496,3473052,737.85772098
1517175301753,0.00021599,0.000209,0.0002105,26,0.0002107,588,0.00021245,0.0002139,0.00021398,0.0002107,-1.496,3473052,737.85772098
1517175307309,0.00021599,0.000209,0.0002105,26,0.0002107,588,0.00021245,0.00021396,0.00021396,0.0002107,-1.524,3473005,737.84766582
1517175312836,0.00021599,0.000209,0.0002105,76,0.0002107,588,0.00021245,0.00021369,0.00021396,0.0002107,-1.399,3472975,737.84124702
1517175317863,0.00021599,0.000209,0.0002105,19,0.0002107,641,0.00021245,0.00021369,0.00021396,0.0002107,-1.399,3473079,737.86314842
1517175323981,0.00021599,0.000209,0.0002105,19,0.0002107,909,0.00021245,0.00021369,0.00021396,0.0002107,-1.399,3473218,737.89238383
1517175327962,0.00021599,0.000209,0.0002105,19,0.0002107,1168,0.00021245,0.0002139,0.00021369,0.0002107,-1.496,3473280,737.90530969
1517175335101,0.00021599,0.000209,0.0002105,19,0.0002107,933,0.00021245,0.0002139,0.00021369,0.0002107,-1.496,3473515,737.95482419
1517175338846,0.00021599,0.000209,0.0002105,19,0.0002107,886,0.00021245,0.00021394,0.00021369,0.0002107,-1.514,3473357,737.92087474
1517175346474,0.00021599,0.000209,0.0002105,7,0.0002107,848,0.00021245,0.00021388,0.00021394,0.0002105,-1.58,3473357,737.92083346
1517175349381,0.00021599,0.000209,0.0002105,7,0.0002107,732,0.00021245,0.00021388,0.00021394,0.0002107,-1.487,3473473,737.94527466
1517175357685,0.00021599,0.000209,0.00021016,42,0.00021069,15,0.00021245,0.00021388,0.00021394,0.00021014,-1.749,3473607,737.97346411
1517175363192,0.00021599,0.000209,0.00021018,42,0.00021069,15,0.00021245,0.00021388,0.00021394,0.00021014,-1.749,3473607,737.97346411
1517175368680,0.00021599,0.000209,0.00021019,29,0.0002107,700,0.00021245,0.00021388,0.00021388,0.0002107,-1.487,3473610,737.97395614
1517175374039,0.00021599,0.000209,0.00021019,29,0.0002107,653,0.00021245,0.00021388,0.00021388,0.0002107,-1.487,3473657,737.98385904
1517175379717,0.00021599,0.000209,0.00021019,11,0.0002107,425,0.00021245,0.0002139,0.00021388,0.0002107,-1.496,3473643,737.98086472
1517175385196,0.00021599,0.000209,0.00021021,11,0.0002107,425,0.00021245,0.00021404,0.0002139,0.0002107,-1.56,3473530,737.95669402
1517175391256,0.00021599,0.000209,0.00021021,11,0.0002107,425,0.00021245,0.0002139,0.0002143,0.0002107,-1.496,3473215,737.88921994
1517175395487,0.00021599,0.000209,0.00021021,11,0.0002107,422,0.00021245,0.0002143,0.0002139,0.0002107,-1.68,3473173,737.88022654
1517175402700,0.00021599,0.000209,0.00021021,11,0.0002107,422,0.00021245,0.0002143,0.0002143,0.0002107,-1.68,3473067,737.85751074
1517175405632,0.00021599,0.000209,0.00021022,11,0.0002107,422,0.00021245,0.0002143,0.0002143,0.0002107,-1.68,3473067,737.85751074
1517175413214,0.00021599,0.000209,0.00021011,43,0.00021069,50,0.00021245,0.00021429,0.0002143,0.00021021,-1.904,3473071,737.85816355
1517175420158,0.00021599,0.000209,0.00021022,340,0.0002107,85,0.00021245,0.00021429,0.0002143,0.0002107,-1.675,3473458,737.93970395
1517175425574,0.00021599,0.000209,0.00021022,386,0.00021069,228,0.00021245,0.00021429,0.0002143,0.0002107,-1.675,3473657,737.98163325
1517175429789,0.00021599,0.000209,0.00021022,46,0.00021069,228,0.00021245,0.00021429,0.0002143,0.00021022,-1.899,3473997,738.05310805
1517175436929,0.00021599,0.000209,0.00021022,46,0.00021069,228,0.00021245,0.00021429,0.0002143,0.00021022,-1.899,3473997,738.05310805
1517175442431,0.00021599,0.000209,0.00021023,11,0.0002107,293,0.00021245,0.00021429,0.0002143,0.0002107,-1.675,3474248,738.10599147
1517175447970,0.00021599,0.000209,0.00021023,856,0.0002107,110,0.00021245,0.00021429,0.0002143,0.00021023,-1.895,3474433,738.14497003
1517175453770,0.00021599,0.000209,0.00021023,856,0.0002107,110,0.00021245,0.0002143,0.0002143,0.00021023,-1.899,3474317,738.12011135
1517175457038,0.00021599,0.000209,0.00021023,856,0.0002107,110,0.00021245,0.0002143,0.0002143,0.00021023,-1.899,3474317,738.12011135
1517175465068,0.00021599,0.000209,0.00021023,856,0.0002107,63,0.00021245,0.00021395,0.0002143,0.0002107,-1.519,3473864,738.02286425
1517175469249,0.00021599,0.000209,0.00021023,856,0.0002107,16,0.00021245,0.0002137,0.00021371,0.0002107,-1.404,3473857,738.02122165
1517175476128,0.00021599,0.000209,0.00021025,576,0.0002107,516,0.00021245,0.0002137,0.00021371,0.0002107,-1.404,3473857,738.02122165
1517175481729,0.00021599,0.000209,0.00021025,576,0.0002107,516,0.00021245,0.0002137,0.0002137,0.0002107,-1.404,3473811,738.01139145
1517175487050,0.00021599,0.000209,0.00021025,576,0.0002107,675,0.00021245,0.00021369,0.00021367,0.0002107,-1.399,3473197,737.88016756
1517175491225,0.00021599,0.000209,0.00021025,576,0.0002107,797,0.00021245,0.00021369,0.00021367,0.0002107,-1.399,3473197,737.88016756
1517175498653,0.00021599,0.000209,0.00021025,576,0.0002107,535,0.00021245,0.0002137,0.00021369,0.0002107,-1.404,3473281,737.89783646
1517175504168,0.00021599,0.000209,0.00021025,576,0.0002107,599,0.00021245,0.00021434,0.00021434,0.0002107,-1.698,3472711,737.77571374
1517175508795,0.00021599,0.000209,0.00021025,576,0.0002107,541,0.00021245,0.00021434,0.00021434,0.0002107,-1.698,3472769,737.78793434
1517175515526,0.00021599,0.000209,0.00021025,576,0.00021069,254,0.00021245,0.00021434,0.00021434,0.00021069,-1.703,3473070,737.85135457
1517175521119,0.00021599,0.000209,0.00021025,565,0.00021069,254,0.00021245,0.0002143,0.00021433,0.00021025,-1.89,3473023,737.84123572
1517175526390,0.00021599,0.000209,0.00021025,565,0.00021069,207,0.00021245,0.0002143,0.00021433,0.00021069,-1.685,3473070,737.85113815
1517175531932,0.00021599,0.000209,0.00021025,565,0.00021068,168,0.00021245,0.0002143,0.00021433,0.00021069,-1.685,3473070,737.85113815
1517175537497,0.00021599,0.000209,0.00021025,565,0.00021069,122,0.00021245,0.0002143,0.00021433,0.00021069,-1.685,3473353,737.91076174
1517175542927,0.00021599,0.000209,0.00021025,565,0.00021069,122,0.00021245,0.0002143,0.00021433,0.00021069,-1.685,3473353,737.91076174
1517175549053,0.00021599,0.000209,0.00021025,565,0.00021069,122,0.00021245,0.0002143,0.00021433,0.00021069,-1.685,3473353,737.91076174
1517175554832,0.00021599,0.000209,0.00021025,2519,0.00021069,159,0.00021245,0.0002143,0.00021433,0.00021069,-1.685,3473353,737.91076174
1517175560478,0.00021599,0.000209,0.00021025,2519,0.00021069,149,0.00021245,0.00021377,0.0002143,0.00021069,-1.441,3473330,737.90579674
1517175564362,0.00021599,0.000209,0.00021025,2565,0.00021069,78,0.00021245,0.00021377,0.0002143,0.00021069,-1.441,3473401,737.92075573
1517175568656,0.00021599,0.000209,0.00021025,2503,0.00021069,78,0.00021245,0.00021376,0.00021377,0.00021025,-1.642,3473437,737.92823321
1517175577293,0.00021599,0.000209,0.00021025,2503,0.00021069,31,0.00021245,0.00021376,0.00021377,0.00021069,-1.436,3473484,737.93813564
1517175578628,0.00021599,0.000209,0.00021025,2503,0.00021069,31,0.00021245,0.00021376,0.00021377,0.00021069,-1.436,3473484,737.93813564
1517175587929,0.00021599,0.000209,0.00021025,2457,0.00021069,31,0.00021245,0.00021376,0.00021377,0.00021069,-1.436,3473484,737.93813564
1517175592284,0.00021599,0.000209,0.00021025,2442,0.0002107,219,0.00021245,0.00021376,0.00021377,0.0002107,-1.432,3473592,737.96086348
1517175598842,0.00021599,0.000209,0.00021025,2442,0.0002107,179,0.00021245,0.00021376,0.00021377,0.0002107,-1.432,3473632,737.96929148
1517175604811,0.00021599,0.000209,0.00021025,2442,0.0002107,99,0.00021245,0.00021376,0.00021377,0.0002107,-1.432,3473712,737.98614748
1517175610754,0.00021599,0.000209,0.00021025,2442,0.0002107,272,0.00021245,0.00021376,0.00021377,0.0002107,-1.432,3473759,737.99605038
1517175616268,0.00021599,0.000209,0.00021025,2442,0.0002107,269,0.00021245,0.00021376,0.00021377,0.0002107,-1.432,3473862,738.01775248
1517175619343,0.00021599,0.000209,0.00021025,2442,0.0002107,222,0.00021245,0.00021376,0.00021377,0.0002107,-1.432,3473909,738.02765538
1517175623761,0.00021599,0.000209,0.00021025,2442,0.0002107,178,0.00021245,0.00021376,0.00021375,0.0002107,-1.432,3473909,738.02752108
1517175633664,0.00021599,0.000209,0.00021026,18,0.0002108,7434,0.00021245,0.00021424,0.00021376,0.0002108,-1.606,3474833,738.22221529
1517175638734,0.00021599,0.000209,0.00021028,1,0.0002108,7434,0.00021245,0.00021424,0.00021376,0.00021028,-1.848,3475065,738.27108425
1517175644647,0.00021599,0.000209,0.00021028,1,0.0002108,7387,0.00021245,0.00021383,0.00021424,0.0002108,-1.417,3474987,738.25423301
1517175650375,0.00021599,0.000209,0.00021027,46,0.00021078,17,0.00021245,0.00021383,0.00021424,0.0002108,-1.417,3474987,738.25423301
1517175656023,0.00021599,0.000209,0.00021027,46,0.00021076,17,0.00021245,0.00021383,0.00021424,0.0002108,-1.417,3474987,738.25423301
1517175660406,0.00021599,0.000209,0.00021027,46,0.00021074,17,0.00021245,0.00021386,0.00021383,0.0002108,-1.431,3474977,738.25209471
1517175665850,0.00021599,0.000209,0.00021028,12,0.00021072,17,0.00021245,0.00021386,0.00021383,0.0002108,-1.431,3474977,738.25209471
1517175671897,0.00021599,0.000209,0.00021026,12,0.00021069,17,0.00021245,0.00021386,0.00021383,0.0002108,-1.431,3475785,738.42202649
1517175677998,0.00021599,0.000209,0.00021026,12,0.00021069,2,0.00021245,0.00021386,0.00021383,0.00021069,-1.482,3475800,738.42518684
1517175682682,0.00021599,0.000209,0.00021027,17,0.0002108,7209,0.00021245,0.00021386,0.00021386,0.00021025,-1.688,3476336,738.53801237
1517175689261,0.00021599,0.000209,0.00021028,58,0.0002108,7089,0.00021245,0.00021398,0.00021386,0.0002108,-1.486,3476522,738.57721765
1517175694912,0.00021599,0.000209,0.00021029,20,0.0002108,7042,0.00021245,0.00021398,0.00021386,0.00021069,-1.538,3476953,738.66803021
1517175700423,0.00021599,0.000209,0.0002103,1267,0.0002108,7042,0.00021245,0.00021398,0.00021386,0.00021069,-1.538,3476953,738.66803021
1517175705884,0.00021599,0.000209,0.0002103,1313,0.0002108,7042,0.00021245,0.00021398,0.00021386,0.00021069,-1.538,3476953,738.66803021
1517175711268,0.00021599,0.000209,0.00021031,12,0.0002108,7015,0.00021245,0.00021398,0.00021386,0.0002108,-1.486,3477000,738.67793561
1517175716872,0.00021599,0.000209,0.00021031,58,0.0002108,7010,0.00021245,0.00021398,0.00021398,0.0002108,-1.486,3476974,738.67235623
1517175722629,0.00021599,0.000209,0.00021031,58,0.0002108,7409,0.00021245,0.00021398,0.00021398,0.0002108,-1.486,3476991,738.67593983
1517175728126,0.00021599,0.000209,0.00021031,58,0.0002108,7228,0.00021245,0.00021398,0.00021398,0.0002108,-1.486,3477172,738.71409463
1517175733715,0.00021599,0.000209,0.00021031,58,0.0002108,7228,0.00021245,0.00021398,0.00021398,0.0002108,-1.486,3477172,738.71409463
1517175737452,0.00021599,0.000209,0.00021031,58,0.0002108,7885,0.00021245,0.00021398,0.00021398,0.0002108,-1.486,3477183,738.71641343
1517175744934,0.00021599,0.000209,0.00021031,12,0.0002108,8014,0.00021245,0.00021398,0.00021398,0.0002108,-1.486,3477203,738.72062943
1517175750566,0.00021599,0.000209,0.0002103,1267,0.0002108,8014,0.00021245,0.00021399,0.00021398,0.0002108,-1.491,3477193,738.71848963
1517175755642,0.00021599,0.000209,0.00021031,21,0.0002108,7926,0.00021245,0.00021399,0.00021398,0.0002108,-1.491,3477531,738.78970553
1517175761936,0.00021599,0.000209,0.00021031,46,0.0002108,7826,0.00021245,0.00021399,0.00021398,0.0002108,-1.491,3477631,738.81078553
1517175767220,0.00021599,0.000209,0.00021031,28,0.00021079,556,0.00021245,0.00021399,0.00021398,0.00021031,-1.72,3477649,738.81457111
1517175771269,0.00021599,0.000209,0.0002103,1152,0.00021079,556,0.00021245,0.00021399,0.00021398,0.0002103,-1.724,3477792,738.84464429
1517175778015,0.00021599,0.000209,0.0002103,1152,0.00021079,556,0.00021245,0.00021399,0.00021398,0.0002103,-1.724,3477792,738.84464429
1517175784511,0.00021599,0.000209,0.0002103,1152,0.00021079,509,0.00021245,0.00021399,0.00021398,0.00021079,-1.495,3477839,738.85455142
1517175788798,0.00021599,0.000209,0.00021031,12,0.00021079,612,0.00021245,0.00021399,0.00021398,0.00021079,-1.495,3477839,738.85455142
1517175795552,0.00021599,0.000209,0.0002103,1421,0.00021079,28,0.00021245,0.00021399,0.00021398,0.00021079,-1.495,3478570,739.0086399
1517175799590,0.00021599,0.000209,0.00021031,12,0.0002108,8369,0.00021245,0.00021418,0.00021398,0.00021079,-1.583,3478511,738.99601498
1517175807147,0.00021599,0.000209,0.00021031,30,0.0002108,7157,0.00021245,0.00021418,0.00021398,0.0002108,-1.578,3479751,739.2574067
1517175812550,0.00021599,0.000209,0.00021031,58,0.0002108,7228,0.00021245,0.00021418,0.00021398,0.0002108,-1.578,3479751,739.2574067
1517175818145,0.00021599,0.000209,0.00021031,58,0.0002108,7190,0.00021245,0.00021418,0.00021398,0.0002108,-1.578,3479789,739.2654171
1517175823842,0.00021599,0.000209,0.00021031,407,0.0002108,7190,0.00021245,0.00021398,0.00021406,0.0002108,-1.486,3479768,739.26092064
1517175828759,0.00021599,0.000209,0.00021031,361,0.0002108,7562,0.00021245,0.00021418,0.00021398,0.0002108,-1.578,3479518,739.20742564
1517175835002,0.00021599,0.000209,0.00021031,407,0.0002107,100,0.00021245,0.00021418,0.00021398,0.0002108,-1.578,3479518,739.20742564
1517175840642,0.00021599,0.000209,0.00021031,361,0.0002108,7230,0.00021245,0.00021424,0.00021418,0.0002108,-1.606,3479940,739.29633944
1517175846224,0.00021599,0.000209,0.00021031,508,0.0002108,7165,0.00021245,0.00021424,0.00021418,0.0002108,-1.606,3480005,739.31004144
1517175851781,0.00021599,0.000209,0.0002103,1247,0.0002108,7099,0.00021244,0.00021418,0.00021424,0.0002108,-1.578,3480802,739.47761266
1517175856923,0.00021599,0.000209,0.0002103,1247,0.0002108,7062,0.00021244,0.00021418,0.00021424,0.0002108,-1.578,3480839,739.48541226
1517175862666,0.00021599,0.000209,0.00021026,37,0.00021079,46,0.00021244,0.00021418,0.00021424,0.0002108,-1.578,3483684,740.0836661
1517175866071,0.00021599,0.000209,0.00021026,37,0.00021079,46,0.00021244,0.00021418,0.00021424,0.0002108,-1.578,3483684,740.0836661
1517175874265,0.00021599,0.000209,0.00021026,83,0.0002108,7014,0.00021244,0.00021418,0.00021424,0.0002108,-1.578,3483731,740.09357324
1517175879381,0.00021599,0.000209,0.00021026,83,0.0002108,7014,0.00021244,0.00021418,0.00021424,0.0002108,-1.578,3483731,740.09357324
1517175883323,0.00021599,0.000209,0.00021027,37,0.0002108,7014,0.00021244,0.00021418,0.00021424,0.0002108,-1.578,3483731,740.09357324
1517175889987,0.00021599,0.000209,0.00021027,37,0.0002108,7014,0.00021244,0.00021418,0.00021424,0.0002108,-1.578,3483731,740.09357324
1517175895339,0.00021599,0.000209,0.00021027,37,0.0002108,7227,0.00021244,0.00021424,0.00021418,0.0002108,-1.606,3483768,740.10133904
1517175901444,0.00021599,0.000209,0.00021027,37,0.0002108,7187,0.00021244,0.00021424,0.00021418,0.0002108,-1.606,3483808,740.10977104
1517175907865,0.00021599,0.000209,0.00021026,46,0.00021078,23,0.00021244,0.00021418,0.00021424,0.0002108,-1.578,3483758,740.09893864
1517175912273,0.00021599,0.000209,0.00021027,20,0.00021078,23,0.00021244,0.00021422,0.00021418,0.0002108,-1.596,3483698,740.08608784
1517175919171,0.00021599,0.000209,0.00021026,46,0.00021078,23,0.00021244,0.00021422,0.00021418,0.0002108,-1.596,3483698,740.08608784
1517175924384,0.00021599,0.000209,0.00021028,17,0.0002108,6547,0.00021244,0.00021422,0.00021418,0.0002108,-1.596,3484013,740.15242138
1517175927447,0.00021599,0.000209,0.00021028,17,0.00021079,36,0.00021244,0.00021422,0.00021418,0.0002108,-1.596,3484013,740.15242138
1517175935889,0.00021599,0.000209,0.00021027,65,0.0002107,3422,0.00021244,0.00021418,0.00021418,0.00021027,-1.826,3483070,739.95038987
1517175940803,0.00021599,0.000209,0.00021027,65,0.0002107,3150,0.00021244,0.00021416,0.00021418,0.0002107,-1.616,3483265,739.99120841
1517175946859,0.00021599,0.000209,0.00021027,46,0.0002107,2965,0.00021244,0.00021416,0.00021416,0.0002107,-1.616,3483432,740.02633303
1517175950555,0.00021599,0.000209,0.00021027,46,0.0002107,2965,0.00021244,0.00021416,0.00021416,0.0002107,-1.616,3483432,740.02633303
1517175958447,0.00021599,0.000209,0.00021027,46,0.00021069,36,0.00021244,0.00021416,0.00021416,0.0002107,-1.616,3483521,740.04505073
1517175963725,0.00021599,0.000209,0.00021027,46,0.0002107,2866,0.00021244,0.00021416,0.00021416,0.0002107,-1.616,3483521,740.04505073
1517175969492,0.00021599,0.000209,0.00021027,46,0.0002107,2866,0.00021244,0.00021416,0.00021416,0.0002107,-1.616,3483521,740.04505073
1517175975118,0.00021599,0.000209,0.00021027,42,0.0002107,2863,0.00021244,0.00021416,0.00021416,0.00021027,-1.816,3483478,740.03581591
