1517174953155,0.01656,0.0156,0.016302,4.36,0.016319,0.68,0.01603566,0.01577,0.01577,0.016302,3.373,90246.87,1447.16846289
1517174958784,0.01656,0.0156,0.016302,2.34,0.01633,37.9,0.01603569,0.01577,0.01577,0.016302,3.373,90255.2,1447.30462301
1517174964443,0.01656,0.0156,0.016302,0.02,0.01632,13.8,0.01603573,0.01579,0.01577,0.016302,3.243,90267.22,1447.50092521
1517174970144,0.01656,0.0156,0.016303,0.36,0.016319,0.37,0.01603574,0.01579,0.01577,0.016303,3.249,90269.7,1447.54135297
1517174975830,0.01656,0.0156,0.0163,0.25,0.016309,0.01,0.01603577,0.01577,0.015788,0.0163,3.361,90270.01,1447.54939404
1517174981187,0.01656,0.0156,0.016294,7.19,0.0163,4.46,0.01603581,0.01577,0.01577,0.016294,3.323,90262.83,1447.43757208
1517174986869,0.01656,0.0156,0.016294,0.51,0.016318,0.82,0.01603584,0.01577,0.01577,0.016294,3.323,90274.58,1447.62906859
1517174992654,0.01656,0.0156,0.01629,3.87,0.01631,15.7,0.01603587,0.01577,0.01577,0.01629,3.297,90284.87,1447.79672353
1517174997844,0.01656,0.0156,0.01629,17.71,0.01631,0.47,0.0160359,0.01577,0.01577,0.01629,3.297,90293.79,1447.94217071
1517175003434,0.01656,0.0156,0.01629,15.85,0.016308,2.86,0.01603591,0.015771,0.01577,0.016291,3.297,90295.98,1447.97801343
1517175009125,0.01656,0.0156,0.016294,0.05,0.0163,0.62,0.01603598,0.015771,0.01577,0.016294,3.316,90322.62,1448.41197801
1517175014933,0.01656,0.0156,0.016288,2.93,0.016302,0.01,0.01603601,0.015788,0.015771,0.016291,3.186,90324.69,1448.44775775
1517175020548,0.01656,0.0156,0.016288,1.06,0.016308,0.01,0.01603603,0.015787,0.015788,0.016288,3.173,90329.72,1448.52983894
1517175026102,0.01656,0.0156,0.016285,0.68,0.016291,0.62,0.01603604,0.01577,0.01577,0.016288,3.285,90331.34,1448.55703612
1517175032056,0.01656,0.0156,0.016281,9.45,0.016285,0.62,0.01603607,0.01577,0.01577,0.016288,3.285,90339.94,1448.69781105
1517175037718,0.01656,0.0156,0.016281,8.95,0.01631,13.72,0.01603608,0.01577,0.01577,0.016281,3.24,90342.43,1448.73835723
1517175042844,0.01656,0.0156,0.016281,8.95,0.016315,0.62,0.01603612,0.01577,0.01577,0.01631,3.424,90354.84,1448.94076433
1517175048920,0.01656,0.0156,0.016281,8.95,0.0163,0.94,0.01603613,0.01577,0.01577,0.0163,3.361,90350.35,1448.87011603
1517175054502,0.01656,0.0156,0.016282,1,0.0163,0.01,0.01603616,0.015771,0.01577,0.0163,3.354,90351.35,1448.88895593
1517175060015,0.01656,0.0156,0.0163,0.01,0.016301,0.02,0.01603619,0.01577,0.01577,0.0163,3.361,90349.6,1448.86365578
1517175065413,0.01656,0.0156,0.0163,0.01,0.016301,0.62,0.01603621,0.01577,0.01577,0.016304,3.386,90353.31,1448.9249762
1517175071133,0.01656,0.0156,0.016295,0.49,0.016299,1.86,0.01603622,0.01577,0.015771,0.016295,3.329,90352.23,1448.90821665
1517175077097,0.01656,0.0156,0.016295,0.49,0.016301,1.62,0.01603624,0.015771,0.01577,0.016301,3.361,90352.85,1448.91963051
1517175082001,0.01656,0.0156,0.016295,0.49,0.0163,0.41,0.01603624,0.01577,0.015771,0.016301,3.367,90353.87,1448.93657553
1517175088313,0.01656,0.0156,0.016282,0.05,0.016304,0.01,0.01603627,0.01577,0.01578,0.016301,3.367,90352.67,1448.91954064
1517175093798,0.01656,0.0156,0.016282,0.05,0.016301,3.92,0.0160363,0.01577,0.01578,0.0163,3.361,90364.34,1449.10976164
1517175099362,0.01656,0.0156,0.01628,35.13,0.016281,0.01,0.01603632,0.01577,0.01577,0.01628,3.234,90363.94,1449.10469047
1517175105090,0.01656,0.0156,0.01628,32.77,0.016295,5.65,0.01603635,0.01577,0.01577,0.01628,3.234,90374.67,1449.2795721
1517175110762,0.01656,0.0156,0.016288,0.25,0.016291,0.62,0.0160364,0.01577,0.01577,0.016301,3.367,90376.02,1449.30574062
1517175116267,0.01656,0.0156,0.016281,36.17,0.016303,0.01,0.01603641,0.01577,0.01577,0.016281,3.24,90381.58,1449.39632755
1517175121811,0.01656,0.0156,0.016281,22.83,0.016308,10.41,0.01603646,0.015765,0.01577,0.016281,3.273,90399.31,1449.68500499
1517175126998,0.01656,0.0156,0.016281,24.15,0.016308,4.82,0.01603648,0.01577,0.015765,0.016308,3.412,90406.3,1449.79921297
1517175133119,0.01656,0.0156,0.016281,24.15,0.016308,3.35,0.0160365,0.015765,0.01577,0.016296,3.368,90409.55,1449.85270903
1517175138474,0.01656,0.0156,0.016281,24.15,0.016301,0.62,0.01603654,0.01577,0.015761,0.016308,3.412,90400,1449.7034604
1517175144200,0.01656,0.0156,0.016281,24.15,0.016298,0.62,0.01603661,0.01577,0.015761,0.016312,3.437,90422.6,1450.0720326
1517175150008,0.01656,0.0156,0.016301,0.01,0.016311,13.9,0.01603682,0.01577,0.01577,0.016311,3.431,90499.61,1451.32624013
1517175155524,0.01656,0.0156,0.01627,11.91,0.0163,15.7,0.01603686,0.01577,0.015779,0.01627,3.171,90505.99,1451.43229156
1517175160959,0.01656,0.0156,0.01627,11.91,0.016299,6.5,0.01603689,0.01577,0.015779,0.016299,3.354,90513.27,1451.55095495
1517175166453,0.01656,0.0156,0.016263,7.41,0.016292,0.01,0.01603691,0.01577,0.015779,0.016292,3.31,90521.08,1451.67822067
1517175172538,0.01656,0.0156,0.016271,7.11,0.016306,0.62,0.01603691,0.01577,0.015779,0.016308,3.412,90523.41,1451.71621388
1517175178202,0.01656,0.0156,0.01628,14.46,0.0163,15.7,0.01603692,0.015766,0.01577,0.01628,3.26,90525.14,1451.7444514
1517175183620,0.01656,0.0156,0.016273,1.48,0.016291,0.62,0.01603695,0.015766,0.01577,0.016281,3.267,90535.78,1451.91783149
1517175189354,0.01656,0.0156,0.016273,0.86,0.01628,0.09,0.01603698,0.015761,0.01577,0.01628,3.293,90532.92,1451.87491817
1517175195125,0.01656,0.0156,0.01628,5.16,0.016289,0.36,0.01603699,0.015761,0.01577,0.016289,3.35,90536.01,1451.92526129
1517175200895,0.01656,0.0156,0.01628,3.18,0.016289,0.39,0.01603702,0.015761,0.01577,0.016289,3.35,90547.28,1452.10891257
1517175205949,0.01656,0.0156,0.01628,1.94,0.016299,2.24,0.01603704,0.01577,0.015761,0.01628,3.234,90546.41,1452.09604998
1517175212153,0.01656,0.0156,0.016281,0.12,0.016299,1.64,0.01603704,0.01577,0.015761,0.016281,3.24,90547.16,1452.10827153
1517175217345,0.01656,0.0156,0.01628,0.13,0.016289,0.05,0.01603705,0.01577,0.015761,0.016289,3.291,90551.97,1452.18660442
1517175223489,0.01656,0.0156,0.01628,0.13,0.016289,0.05,0.01603706,0.015761,0.015761,0.016289,3.35,90548.18,1452.12686023
1517175228824,0.01656,0.0156,0.01628,0.13,0.016289,16.41,0.01603711,0.015761,0.015761,0.016289,3.35,90563.48,1452.37608193
1517175234488,0.01656,0.0156,0.01627,20.76,0.016289,16.41,0.01603714,0.015761,0.015761,0.01627,3.229,90575.26,1452.56813901
1517175240135,0.01656,0.0156,0.016271,5.15,0.016299,0.51,0.0160372,0.015761,0.015761,0.016289,3.35,90595.27,1452.8940135
1517175245516,0.01656,0.0156,0.016271,5.15,0.016289,0.75,0.0160372,0.015761,0.015761,0.01629,3.356,90595.77,1452.9021585
1517175251351,0.01656,0.0156,0.016289,5.04,0.01629,51.2,0.01603721,0.015761,0.015761,0.016289,3.35,90592.44,1452.85031853
1517175256709,0.01656,0.0156,0.016271,3.15,0.01629,64.15,0.01603722,0.015761,0.015761,0.016271,3.236,90595.05,1452.89279743
1517175262172,0.01656,0.0156,0.016271,2.54,0.016289,5.4,0.01603724,0.015761,0.01576,0.01629,3.356,90594.85,1452.8911307
1517175267914,0.01656,0.0156,0.016271,2.25,0.016289,9.09,0.01603725,0.01576,0.01577,0.016289,3.357,90596.7,1452.92159196
1517175273683,0.01656,0.0156,0.016271,2.25,0.016289,3.37,0.01603726,0.01577,0.01576,0.016289,3.291,90601.79,1453.00483624
1517175279265,0.01656,0.0156,0.016271,2.25,0.016289,3.37,0.01603726,0.01577,0.01576,0.016289,3.291,90601.79,1453.00483624
1517175284223,0.01656,0.0156,0.01627,16.41,0.01629,57.97,0.0160373,0.01576,0.01576,0.01627,3.236,90609.68,1453.13476632
1517175289807,0.01656,0.0156,0.01627,15.92,0.01629,41.01,0.01603735,0.01576,0.01576,0.01629,3.363,90626.53,1453.40956102
1517175296267,0.01656,0.0156,0.01629,17.14,0.016299,1.4,0.0160375,0.01576,0.01576,0.016299,3.42,90679.92,1454.27935679
1517175301190,0.01656,0.0156,0.016306,0.01,0.016309,7.44,0.01603758,0.01576,0.01576,0.016309,3.483,90696.09,1454.54562827
1517175307679,0.01656,0.0156,0.01631,0.17,0.01636,304.29,0.01603795,0.01576,0.01576,0.01636,3.807,90813.18,1456.45751558
1517175313153,0.01656,0.0156,0.016307,10.5,0.016338,4,0.01603802,0.01576,0.01576,0.01631,3.49,90817.53,1456.53297708
1517175318389,0.01656,0.0156,0.01629,15.7,0.016347,12.61,0.01603818,0.01576,0.01576,0.016271,3.242,90872.62,1457.4313583
1517175324474,0.01656,0.0156,0.01629,15.7,0.01634,8,0.01603825,0.01576,0.015761,0.016281,3.306,90893.82,1457.77780973
1517175329707,0.01656,0.0156,0.016292,0.32,0.016321,0.63,0.01603828,0.01576,0.015761,0.016291,3.369,90904.5,1457.95188672
1517175335815,0.01656,0.0156,0.0163,13.72,0.016331,0.17,0.01603829,0.01576,0.015761,0.0163,3.426,90906.48,1457.98416072
1517175341319,0.01656,0.0156,0.0163,13.26,0.01631,0.29,0.01603829,0.01576,0.015761,0.0163,3.426,90907.31,1457.99770179
1517175346252,0.01656,0.0156,0.016301,1.95,0.01631,0.29,0.01603834,0.015762,0.015761,0.016301,3.42,90892.45,1457.76412988
1517175351286,0.01656,0.0156,0.016291,9.17,0.016301,0.1,0.01603835,0.015762,0.015761,0.016301,3.42,90894.4,1457.79591683
1517175358030,0.01656,0.0156,0.016292,3.08,0.016301,0.1,0.01603847,0.015762,0.015762,0.016292,3.363,90858.29,1457.22778981
1517175363408,0.01656,0.0156,0.016292,0.83,0.016301,0.1,0.01603847,0.015762,0.015762,0.016292,3.363,90860.54,1457.26444681
1517175368761,0.01656,0.0156,0.016301,0.13,0.01631,0.29,0.01603853,0.015762,0.015769,0.016291,3.356,90877.53,1457.54240849
1517175374258,0.01656,0.0156,0.016291,3.11,0.01631,0.29,0.01603853,0.015762,0.015769,0.016301,3.42,90877.66,1457.54452762
1517175380231,0.01656,0.0156,0.016291,3.11,0.016335,1.17,0.0160386,0.015769,0.015762,0.016335,3.589,90873.58,1457.48487615
1517175385352,0.01656,0.0156,0.016291,3.11,0.01631,1.46,0.0160386,0.015769,0.015769,0.016335,3.589,90873.41,1457.48219542
1517175391161,0.01656,0.0156,0.016291,3.11,0.01631,1.63,0.01603862,0.015769,0.015758,0.01631,3.431,90869.32,1457.41828595
1517175397059,0.01656,0.0156,0.016291,3.11,0.016319,0.38,0.01603863,0.015769,0.015758,0.01632,3.494,90872.35,1457.46771925
1517175402567,0.01656,0.0156,0.016301,4.66,0.01635,8,0.01603907,0.015758,0.015758,0.0163,3.44,90985.47,1459.32245478
1517175408238,0.01656,0.0156,0.016304,3.6,0.016349,10.36,0.0160391,0.015769,0.015769,0.01631,3.431,90994.98,1459.47790866
1517175413845,0.01656,0.0156,0.016305,7.11,0.016335,10.3,0.01603912,0.015759,0.015769,0.01631,3.496,91000.47,1459.56779139
1517175419492,0.01656,0.0156,0.01631,15.7,0.016335,5.8,0.01603915,0.015759,0.015759,0.016335,3.655,91002.12,1459.59666624
1517175425094,0.01656,0.0156,0.016315,4.63,0.016335,5.55,0.01603917,0.015759,0.015759,0.016315,3.528,91009.02,1459.70925022
1517175430292,0.01656,0.0156,0.016315,1.26,0.016335,4.34,0.01603919,0.015759,0.015759,0.016335,3.655,91013.94,1459.78955068
1517175436322,0.01656,0.0156,0.016315,1.06,0.016335,16.62,0.01603919,0.015758,0.015769,0.016315,3.535,91013.32,1459.78029168
1517175441683,0.01656,0.0156,0.016315,1.06,0.016333,0.93,0.01603926,0.015758,0.015769,0.016333,3.649,91032.82,1460.0988544
1517175447406,0.01656,0.0156,0.016315,0.64,0.016349,8.94,0.01603926,0.015758,0.015769,0.016315,3.535,91034.5,1460.12629156
1517175452786,0.01656,0.0156,0.016315,0.64,0.01634,2.2,0.01603927,0.015758,0.015769,0.01634,3.693,91037.36,1460.17302396
1517175458662,0.01656,0.0156,0.016315,1,0.01633,15.7,0.01603929,0.015767,0.015759,0.016315,3.476,91035.3,1460.14167131
1517175464322,0.01656,0.0156,0.016309,2.9,0.01633,15.21,0.01603935,0.015758,0.015767,0.01633,3.63,91050.97,1460.39809125
1517175469830,0.01656,0.0156,0.016309,2.9,0.01633,14.51,0.01603935,0.015758,0.015767,0.01633,3.63,91051.86,1460.4126221
1517175475622,0.01656,0.0156,0.016315,0.24,0.01633,13.64,0.01603935,0.015758,0.015767,0.01633,3.63,91052.73,1460.4268292
1517175481209,0.01656,0.0156,0.016315,0.24,0.01633,12.59,0.01603938,0.015743,0.015743,0.01633,3.729,91044.92,1460.30442128
1517175486218,0.01656,0.0156,0.016315,0.24,0.01633,12.59,0.0160394,0.015745,0.015743,0.01633,3.715,91039.77,1460.22334186
1517175492626,0.01656,0.0156,0.016315,0.24,0.01633,58.04,0.01603945,0.015759,0.015745,0.01633,3.623,91054.24,1460.45966036
1517175498093,0.01656,0.0156,0.016315,0.24,0.01633,73.74,0.01603945,0.015769,0.015759,0.01633,3.558,91054.05,1460.45666615
1517175503946,0.01656,0.0156,0.016315,0.24,0.01633,56.72,0.01603951,0.015769,0.01575,0.01633,3.558,91067.89,1460.68449685
1517175509288,0.01656,0.0156,0.016315,0.24,0.016335,0.01,0.01603965,0.015745,0.015769,0.016335,3.747,91111.21,1461.39213903
1517175515288,0.01656,0.0156,0.016315,0.24,0.016335,0.01,0.01603965,0.015745,0.015745,0.016335,3.747,91110.96,1461.38820278
1517175520833,0.01656,0.0156,0.016315,0.24,0.016335,0.01,0.01603969,0.015745,0.015745,0.01633,3.715,91120.09,1461.53769933
1517175526298,0.01656,0.0156,0.016315,0.24,0.016347,10,0.01603971,0.015745,0.015745,0.01634,3.779,91127.53,1461.65932838
1517175531938,0.01656,0.0156,0.016315,0.23,0.016347,10,0.01603971,0.015746,0.015745,0.016315,3.614,91127.44,1461.65791703
1517175537539,0.01656,0.0156,0.01634,0.14,0.016357,5.91,0.01603975,0.01574,0.01574,0.016315,3.653,91115.39,1461.46823644
1517175542566,0.01656,0.0156,0.01632,13.52,0.016353,0.01,0.0160398,0.015744,0.01574,0.016353,3.868,91130.2,1461.71058811
1517175548140,0.01656,0.0156,0.01634,0.19,0.016353,0.01,0.01603984,0.015742,0.015741,0.01632,3.672,91118.31,1461.52354765
1517175553600,0.01656,0.0156,0.01634,2.06,0.016353,0.01,0.01603984,0.015742,0.015741,0.01632,3.672,91118.31,1461.52354765
1517175559008,0.01656,0.0156,0.01634,0.6,0.016354,11.71,0.01603986,0.015741,0.015741,0.016354,3.894,91116.36,1461.49390901
1517175564707,0.01656,0.0156,0.01634,0.41,0.016354,11.71,0.01603987,0.015741,0.01575,0.01634,3.805,91115.4,1461.47890723
1517175570886,0.01656,0.0156,0.01634,0.01,0.016354,11.15,0.01603987,0.015741,0.01575,0.016354,3.894,91116.61,1461.49868997
1517175575781,0.01656,0.0156,0.01632,13.68,0.016353,0.99,0.01603987,0.015741,0.01575,0.016321,3.685,91117.61,1461.51501116
1517175582047,0.01656,0.0156,0.016354,8.78,0.016357,5.91,0.01603992,0.015741,0.01575,0.016354,3.894,91130.26,1461.72188827
1517175587241,0.01656,0.0156,0.016354,5.81,0.016356,10,0.01603993,0.015738,0.015741,0.016354,3.914,91132.71,1461.76265009
1517175593361,0.01656,0.0156,0.016356,0.37,0.016357,0.01,0.01604002,0.015738,0.015741,0.016357,3.933,91158.58,1462.18564946
1517175598687,0.01656,0.0156,0.016357,0.83,0.01636,237.32,0.01604003,0.01575,0.015745,0.016357,3.854,91158.09,1462.17816961
1517175604446,0.01656,0.0156,0.01633,9.94,0.01636,237.32,0.01604003,0.01575,0.015745,0.01633,3.683,91159.91,1462.20791262
1517175609998,0.01656,0.0156,0.016323,7.11,0.01636,235.56,0.01604041,0.015745,0.015744,0.01633,3.715,91034.85,1460.23644976
1517175615779,0.01656,0.0156,0.016323,7.11,0.01636,235.45,0.01604042,0.015792,0.015747,0.01636,3.597,91033.44,1460.21461843
1517175621016,0.01656,0.0156,0.016323,7.11,0.01636,235.45,0.01604042,0.01576,0.015792,0.01636,3.807,91033.27,1460.21193379
1517175626720,0.01656,0.0156,0.016323,6.85,0.01636,202.52,0.0160406,0.01575,0.01575,0.016323,3.638,91046.46,1460.43966369
1517175632648,0.01656,0.0156,0.016321,0.5,0.016359,0.26,0.01604067,0.015747,0.015747,0.016333,3.721,91026.41,1460.12453143
1517175637851,0.01656,0.0156,0.016321,0.5,0.01633,0.13,0.01604068,0.01576,0.015789,0.016333,3.636,91024.03,1460.08702711
1517175644828,0.01656,0.0156,0.016333,0.55,0.016358,0.37,0.0160407,0.01575,0.015787,0.016333,3.702,91027.83,1460.15022578
1517175650100,0.01656,0.0156,0.01632,14.88,0.016333,2.82,0.01604071,0.01575,0.01575,0.01632,3.619,91027.93,1460.15266812
1517175655060,0.01656,0.0156,0.016321,3,0.016333,4.35,0.01604071,0.01575,0.01575,0.01632,3.619,91027.93,1460.15266812
1517175661526,0.01656,0.0156,0.01631,17.7,0.016321,10.21,0.01604073,0.01575,0.01575,0.016315,3.587,91035.07,1460.26919868
1517175666798,0.01656,0.0156,0.01631,15.5,0.016333,2.85,0.01604076,0.015751,0.01575,0.016333,3.695,91034.28,1460.25886268
1517175672672,0.01656,0.0156,0.01631,15.7,0.016353,7.33,0.01604081,0.015751,0.01575,0.016315,3.581,91050.94,1460.5308422
1517175677569,0.01656,0.0156,0.016321,7.11,0.01634,0.5,0.01604082,0.015751,0.01575,0.016353,3.822,91052.44,1460.5553717
1517175683634,0.01656,0.0156,0.01632,15.7,0.016333,3.41,0.01604084,0.015758,0.015759,0.016353,3.776,91053.57,1460.57531703
1517175689235,0.01656,0.0156,0.01632,21.8,0.016333,0.96,0.01604089,0.015759,0.015759,0.01632,3.56,91048.25,1460.49460715
1517175694711,0.01656,0.0156,0.016323,0.5,0.016333,0.96,0.0160409,0.015759,0.015759,0.01632,3.56,91045.29,1460.44796051
1517175699940,0.01656,0.0156,0.016323,0.5,0.016333,0.71,0.01604091,0.015751,0.015751,0.016333,3.695,91042.5,1460.40414214
1517175705718,0.01656,0.0156,0.016323,0.5,0.016353,2.73,0.01604091,0.015758,0.015759,0.016333,3.649,91042.3,1460.40148974
1517175711585,0.01656,0.0156,0.016333,1.91,0.016358,2,0.01604092,0.015756,0.015758,0.016333,3.662,91043.71,1460.4247995
1517175717010,0.01656,0.0156,0.016333,1.91,0.01636,202.19,0.01604093,0.015756,0.015758,0.01636,3.833,91045.8,1460.4589879
1517175722401,0.01656,0.0156,0.01633,15.7,0.016333,0.51,0.01604097,0.015756,0.015756,0.016333,3.662,91058.17,1460.66164544
1517175728097,0.01656,0.0156,0.016323,0.5,0.016333,0.14,0.01604104,0.015756,0.015756,0.016333,3.662,91038.54,1460.35257335
1517175733706,0.01656,0.0156,0.016333,2.28,0.016359,10.3,0.01604139,0.015758,0.015756,0.016359,3.814,90933.69,1458.70248248
1517175739219,0.01656,0.0156,0.016333,2.28,0.016359,10.3,0.01604139,0.01576,0.015759,0.016359,3.801,90932.05,1458.67663675
1517175744879,0.01656,0.0156,0.016333,0.01,0.016359,11.76,0.01604141,0.01579,0.01579,0.016333,3.439,90930.55,1458.6542066
1517175750552,0.01656,0.0156,0.016333,0.01,0.016359,11.76,0.01604141,0.01577,0.015797,0.016333,3.57,90929.92,1458.64425456
1517175755830,0.01656,0.0156,0.016322,10,0.016328,0.37,0.01604142,0.01577,0.015797,0.016323,3.507,90932.58,1458.68770308
1517175760747,0.01656,0.0156,0.016333,0.13,0.016359,7.19,0.01604144,0.01577,0.015797,0.016359,3.735,90937.41,1458.76670508
1517175767111,0.01656,0.0156,0.016333,0.13,0.016359,7.19,0.01604147,0.01579,0.01579,0.016359,3.604,90927.17,1458.60520168
1517175772165,0.01656,0.0156,0.016333,0.13,0.016359,7.18,0.0160415,0.01577,0.01579,0.016359,3.735,90916.08,1458.43014567
1517175778517,0.01656,0.0156,0.016333,0.13,0.016359,8.18,0.0160415,0.01577,0.01577,0.016359,3.735,90916.04,1458.42951487
1517175785096,0.01656,0.0156,0.016328,0.25,0.016359,5.31,0.01604151,0.01577,0.01577,0.016359,3.735,90918.04,1458.46222949
1517175790337,0.01656,0.0156,0.01632,10,0.016354,0.5,0.01604158,0.01577,0.01577,0.01632,3.488,90940.98,1458.8366455
1517175794587,0.01656,0.0156,0.016324,3.1,0.016354,0.5,0.01604158,0.01577,0.01577,0.01632,3.488,90940.98,1458.8366455
1517175801472,0.01656,0.0156,0.016322,3.1,0.016354,0.5,0.01604161,0.01577,0.01577,0.01632,3.488,90928.76,1458.6440131
1517175807480,0.01656,0.0156,0.016322,3.1,0.016359,3.92,0.01604165,0.01577,0.01577,0.016359,3.735,90939.76,1458.82395149
1517175811882,0.01656,0.0156,0.016323,7.11,0.016359,2.18,0.01604165,0.01577,0.01577,0.016359,3.735,90940.04,1458.82853201
1517175818715,0.01656,0.0156,0.016322,3.1,0.016358,5.01,0.01604167,0.01577,0.01577,0.016323,3.507,90945.05,1458.91031024
1517175824457,0.01656,0.0156,0.016322,3.1,0.016358,4.87,0.01604167,0.01577,0.01577,0.016358,3.729,90945.19,1458.91260036
1517175829661,0.01656,0.0156,0.016322,2.93,0.016358,6.83,0.01604167,0.01577,0.01577,0.016322,3.5,90945.36,1458.9153751
1517175835184,0.01656,0.0156,0.01632,33.36,0.016358,6.83,0.0160417,0.015777,0.015777,0.01632,3.442,90954.99,1459.07256435
1517175840931,0.01656,0.0156,0.01632,34.38,0.016355,3.58,0.0160417,0.015777,0.015777,0.016355,3.664,90956.13,1459.09129779
1517175846934,0.01656,0.0156,0.01632,31.26,0.016355,1.97,0.01604171,0.015761,0.015777,0.016355,3.769,90956.24,1459.09396384
1517175851167,0.01656,0.0156,0.01632,31.26,0.016355,2.66,0.01604172,0.015777,0.015761,0.016355,3.664,90955.91,1459.08889339
1517175858041,0.01656,0.0156,0.01632,26.17,0.016355,2.17,0.01604174,0.015797,0.015796,0.016355,3.532,90961,1459.17278684
1517175863099,0.01656,0.0156,0.01632,30.38,0.016355,2.17,0.01604175,0.01577,0.015797,0.01632,3.488,90962.58,1459.19935694
1517175868923,0.01656,0.0156,0.016321,12,0.016355,1,0.01604187,0.015796,0.015761,0.01636,3.571,90945.52,1458.93665488
1517175874841,0.01656,0.0156,0.016323,3.1,0.01636,191.35,0.0160419,0.015796,0.015797,0.01636,3.571,90943.82,1458.91126114
1517175879868,0.01656,0.0156,0.016324,7.11,0.01636,197.25,0.01604191,0.015796,0.015796,0.01636,3.571,90945.38,1458.93762858
1517175885828,0.01656,0.0156,0.016324,7.11,0.01636,197.3,0.01604192,0.015796,0.015796,0.01636,3.571,90946.33,1458.95401658
1517175891544,0.01656,0.0156,0.016325,3.1,0.01636,193.34,0.01604195,0.015796,0.015796,0.01636,3.571,90952.79,1459.05969968
1517175897035,0.01656,0.0156,0.016325,3.1,0.01636,188.44,0.01604199,0.015796,0.015796,0.01636,3.571,90962.59,1459.22080968
1517175902427,0.01656,0.0156,0.016325,3.1,0.016359,2.5,0.016042,0.015796,0.015771,0.01636,3.571,90964.47,1459.25197656
1517175908553,0.01656,0.0156,0.016326,0.25,0.016359,2.5,0.016042,0.015771,0.015796,0.01636,3.735,90963.53,1459.23712832
1517175913978,0.01656,0.0156,0.016325,3.1,0.016359,2.76,0.01604201,0.015777,0.015771,0.01636,3.695,90962.33,1459.21820312
1517175919781,0.01656,0.0156,0.016326,0.15,0.016359,2.63,0.01604201,0.015777,0.015777,0.016359,3.689,90963.2,1459.23267333
1517175925577,0.01656,0.0156,0.016325,4.01,0.016359,1.95,0.01604203,0.015796,0.015796,0.016325,3.349,90961.48,1459.20646254
1517175930940,0.01656,0.0156,0.016325,4.01,0.016359,1.95,0.01604203,0.015796,0.015796,0.016325,3.349,90958.95,1459.16649866
1517175936792,0.01656,0.0156,0.01633,0.01,0.016359,1.62,0.01604207,0.015777,0.015777,0.016359,3.689,90947.46,1458.98554317
1517175941428,0.01656,0.0156,0.016324,2.91,0.016359,1.62,0.01604211,0.015777,0.015777,0.016324,3.467,90951.9,1459.06009366
1517175948004,0.01656,0.0156,0.016323,3.09,0.016357,4.82,0.01604213,0.015775,0.015799,0.016324,3.48,90945.59,1458.96083835
1517175953517,0.01656,0.0156,0.016323,3.09,0.016325,2.4,0.01604213,0.015775,0.015775,0.016325,3.487,90945.62,1458.9617516
1517175958660,0.01656,0.0156,0.016323,2.47,0.016325,1.18,0.01604214,0.015775,0.015775,0.016325,3.487,90947.46,1458.99178836
1517175964662,0.01656,0.0156,0.016323,1.58,0.016325,1.18,0.01604215,0.015777,0.015777,0.016323,3.461,90945.73,1458.96498249
1517175970263,0.01656,0.0156,0.016323,0.96,0.016339,4.07,0.01604217,0.015777,0.015777,0.016339,3.562,90951.38,1459.0572683
1517175975932,0.01656,0.0156,0.016323,0.96,0.016339,3.57,0.01604217,0.015777,0.015777,0.016339,3.562,90951.88,1459.0654378
