1517174953231,0.001469,0.001352,0.001452,40.92,0.001453,229.11,0.00141442,0.001434,0.001434,0.001452,1.255,606441,857.76428175
1517174958139,0.001469,0.001352,0.001452,40.92,0.001453,223.57,0.00141442,0.001434,0.001434,0.001453,1.325,606446.54,857.77233137
1517174962081,0.001469,0.001352,0.001452,34.94,0.001453,223.57,0.00141442,0.001434,0.001434,0.001452,1.255,606452.52,857.78101433
1517174969355,0.001469,0.001352,0.001452,34.94,0.001453,464.78,0.00141442,0.001434,0.001434,0.001452,1.255,606449.3,857.77639685
1517174974666,0.001469,0.001352,0.001452,33.56,0.001453,463.4,0.00141442,0.001436,0.001434,0.001452,1.114,606445.04,857.77031285
1517174981315,0.001469,0.001352,0.001448,34.53,0.001453,571.03,0.00141444,0.001434,0.001436,0.001447,0.907,606717.03,858.16466822
1517174985920,0.001469,0.001352,0.001449,9,0.001453,244.81,0.00141445,0.001434,0.001434,0.001453,1.325,606931.39,858.4756263
1517174992602,0.001469,0.001352,0.001448,34.53,0.00145,215.77,0.00141445,0.001434,0.001434,0.00145,1.116,606958.34,858.5147038
1517174997589,0.001469,0.001352,0.001448,34.53,0.00145,134.41,0.00141446,0.001434,0.001434,0.001449,1.046,607042.1,858.6361534
1517175003715,0.001469,0.001352,0.001448,24.54,0.001452,2.4,0.00141447,0.001434,0.001434,0.00145,1.116,607186.5,858.84551342
1517175007947,0.001469,0.001352,0.001448,24.54,0.001451,9.99,0.00141447,0.001434,0.001434,0.00145,1.116,607186.5,858.84551342
1517175013976,0.001469,0.001352,0.001448,24.54,0.001451,4.99,0.00141447,0.001434,0.001434,0.001451,1.186,607191.5,858.85276842
1517175020090,0.001469,0.001352,0.001448,24.54,0.001451,3.13,0.00141447,0.001434,0.001434,0.001451,1.186,607193.36,858.85546728
1517175026065,0.001469,0.001352,0.001448,24.54,0.001451,0.01,0.00141447,0.001433,0.001434,0.001451,1.256,607177.11,858.83221782
1517175031714,0.001469,0.001352,0.001448,24.54,0.001451,22.19,0.00141447,0.001433,0.001434,0.001451,1.256,607177.11,858.83221782
1517175036143,0.001469,0.001352,0.001448,24.54,0.001451,20.49,0.00141447,0.001433,0.001434,0.001451,1.256,607178.81,858.83468452
1517175041799,0.001469,0.001352,0.001448,24.54,0.001451,20.49,0.00141447,0.001433,0.001434,0.001451,1.256,607178.81,858.83468452
1517175048763,0.001469,0.001352,0.001448,24.54,0.001451,16.99,0.00141447,0.001433,0.001434,0.001451,1.256,607182.31,858.83976302
1517175052197,0.001469,0.001352,0.001448,24.54,0.001451,16.99,0.00141447,0.001433,0.001434,0.001451,1.256,607182.31,858.83976302
1517175055985,0.001469,0.001352,0.001448,24.54,0.001451,7.56,0.00141447,0.001432,0.001432,0.001451,1.327,607176.14,858.83110525
1517175064785,0.001469,0.001352,0.001447,728.2,0.001451,282.84,0.00141447,0.001438,0.001432,0.001451,0.904,607170.29,858.82272805
1517175071404,0.001469,0.001352,0.001448,34.53,0.001452,2.4,0.00141447,0.001435,0.001438,0.001451,1.115,607161.83,858.81087379
1517175075993,0.001469,0.001352,0.001449,38.02,0.001451,258.9,0.00141456,0.001436,0.001435,0.001454,1.253,608535.81,860.80916051
1517175082344,0.001469,0.001352,0.001449,1.72,0.001454,195.45,0.00141458,0.001434,0.001434,0.001454,1.395,608874.97,861.30337549
1517175088354,0.001469,0.001352,0.001448,34.53,0.00145,0.01,0.00141459,0.001435,0.001434,0.00145,1.045,609086.17,861.61009549
1517175092335,0.001469,0.001352,0.001449,2.4,0.00145,0.01,0.00141459,0.001437,0.001435,0.00145,0.905,609080.41,861.60182989
1517175099469,0.001469,0.001352,0.001448,34.53,0.00145,0.01,0.0014146,0.001437,0.001435,0.001449,0.835,609188.9,861.7590319
1517175104240,0.001469,0.001352,0.001448,34.53,0.00145,0.01,0.0014146,0.001437,0.001435,0.001449,0.835,609188.9,861.7590319
1517175105317,0.001469,0.001352,0.001448,34.53,0.00145,0.01,0.0014146,0.001437,0.001435,0.001449,0.835,609188.9,861.7590319
1517175115508,0.001469,0.001352,0.001449,11.48,0.00145,0.01,0.0014146,0.001435,0.001434,0.001449,0.976,609153.14,861.70773478
1517175121102,0.001469,0.001352,0.001449,11.48,0.00145,0.01,0.0014146,0.001432,0.001435,0.001449,1.187,609148.69,861.70134903
1517175126460,0.001469,0.001352,0.001449,11.48,0.00145,0.01,0.0014146,0.001432,0.001435,0.001449,1.187,609148.69,861.70134903
1517175131207,0.001469,0.001352,0.00145,71.14,0.001453,2.4,0.0014146,0.001432,0.001432,0.00145,1.257,609134.75,861.68138713
1517175137981,0.001469,0.001352,0.00145,82.61,0.001453,2.4,0.0014146,0.001432,0.001432,0.00145,1.257,609070.64,861.58949287
1517175143675,0.001469,0.001352,0.00145,62.61,0.001453,2.4,0.0014146,0.001435,0.001432,0.00145,1.045,609015.64,861.51109287
1517175147607,0.001469,0.001352,0.00145,62.61,0.001453,4.9,0.00141459,0.001432,0.001432,0.00145,1.257,608956.44,861.42623087
1517175154849,0.001469,0.001352,0.00145,41.93,0.001454,181.68,0.0014146,0.001437,0.001431,0.001454,1.183,608950.79,861.41893315
1517175159650,0.001469,0.001352,0.00145,32.05,0.001453,2.5,0.0014146,0.001437,0.001431,0.00145,0.905,608960.67,861.43325915
1517175165941,0.001469,0.001352,0.00145,35.91,0.001453,2.5,0.00141459,0.001433,0.001432,0.00145,1.186,608927.91,861.38634083
1517175171763,0.001469,0.001352,0.00145,35.91,0.001454,131.68,0.0014146,0.001431,0.001432,0.001454,1.607,608917.91,861.37308594
1517175177481,0.001469,0.001352,0.00145,35.91,0.001453,2.5,0.0014146,0.001431,0.001431,0.001454,1.607,608902.91,861.35162094
1517175182283,0.001469,0.001352,0.00145,65.01,0.001454,131.68,0.0014146,0.001434,0.001431,0.001454,1.395,608872.87,861.3086337
1517175187816,0.001469,0.001352,0.00145,65.01,0.001454,0.68,0.0014146,0.001432,0.001434,0.001454,1.536,608995.52,861.4871338
1517175193845,0.001469,0.001352,0.001451,0.97,0.001454,2.58,0.00141461,0.001432,0.001434,0.001451,1.327,609031.48,861.53931176
1517175199548,0.001469,0.001352,0.001451,0.97,0.001453,2.5,0.00141461,0.001433,0.001432,0.001451,1.256,609028.26,861.53470072
1517175205355,0.001469,0.001352,0.00145,65.01,0.001453,2.5,0.0014146,0.001433,0.001431,0.001451,1.256,608953.15,861.42719877
1517175210966,0.001469,0.001352,0.001451,44,0.001454,229.98,0.00141459,0.001432,0.001431,0.001451,1.327,608664.32,861.0130254
1517175216551,0.001469,0.001352,0.001451,44,0.001454,229.98,0.00141459,0.001434,0.001432,0.001451,1.186,608579.84,860.89205004
1517175221891,0.001469,0.001352,0.001451,44,0.001454,36.09,0.00141459,0.001434,0.001432,0.001454,1.395,608579.89,860.89212274
1517175226004,0.001469,0.001352,0.001451,44,0.001454,229.93,0.00141459,0.001434,0.001434,0.001454,1.395,608559.14,860.86236724
1517175233005,0.001469,0.001352,0.001451,44,0.001454,229.93,0.00141459,0.001434,0.001434,0.001454,1.395,608559.14,860.86236724
1517175238895,0.001469,0.001352,0.001451,44,0.001454,36.09,0.00141459,0.001434,0.001434,0.001454,1.395,608559.14,860.86236724
1517175245075,0.001469,0.001352,0.001454,258.36,0.001455,3.41,0.00141461,0.001434,0.001434,0.001454,1.395,608820.07,861.24175646
1517175250533,0.001469,0.001352,0.001454,142.44,0.001456,96.12,0.00141462,0.001434,0.001434,0.001454,1.395,608940.99,861.41758073
1517175256286,0.001469,0.001352,0.001454,135.68,0.001456,89.55,0.00141462,0.001434,0.001434,0.001454,1.395,608954.32,861.43697569
1517175261870,0.001469,0.001352,0.001455,34.5,0.001463,2.71,0.00141466,0.001434,0.001434,0.001454,1.395,609603.42,862.38453504
1517175267285,0.001469,0.001352,0.001453,34.5,0.001454,408.27,0.00141467,0.001432,0.001434,0.001454,1.536,609658.72,862.46589844
1517175272705,0.001469,0.001352,0.001451,6.39,0.001453,65.35,0.00141467,0.001432,0.001434,0.001453,1.466,609693.22,862.51602694
1517175278171,0.001469,0.001352,0.00145,35.3,0.001452,103.16,0.00141468,0.001432,0.001434,0.001453,1.466,609750.22,862.59883333
1517175283015,0.001469,0.001352,0.00145,64.4,0.001451,15.35,0.00141468,0.001432,0.001434,0.001452,1.397,609828.69,862.71277177
1517175289460,0.001469,0.001352,0.00145,10.61,0.001452,34.5,0.00141468,0.001432,0.001434,0.00145,1.257,609853.38,862.74857227
1517175295331,0.001469,0.001352,0.001451,29.08,0.001454,456.06,0.00141468,0.001432,0.001434,0.001454,1.536,609868.8,862.77096611
1517175300853,0.001469,0.001352,0.001451,27.04,0.001452,15.35,0.00141468,0.001432,0.001434,0.001451,1.327,609870.84,862.77392615
1517175306604,0.001469,0.001352,0.001451,27.04,0.001452,15.35,0.00141468,0.001432,0.001434,0.001451,1.327,609870.84,862.77392615
1517175312413,0.001469,0.001352,0.001451,27.04,0.001452,15.35,0.00141468,0.001432,0.001432,0.001451,1.327,609731.06,862.57381879
1517175323671,0.001469,0.001352,0.001451,27.04,0.001452,15.35,0.00141468,0.001432,0.001432,0.001451,1.327,609714.46,862.55004759
1517175328489,0.001469,0.001352,0.001451,27.04,0.001452,36.43,0.00141468,0.001432,0.001432,0.001451,1.327,609714.46,862.55004759
1517175334553,0.001469,0.001352,0.001451,70.07,0.001453,156.88,0.0014147,0.001432,0.001432,0.001453,1.466,610038.04,863.0201729
1517175337722,0.001469,0.001352,0.001451,70.07,0.001453,156.88,0.0014147,0.001432,0.001432,0.001453,1.466,610035.99,863.0172373
1517175345266,0.001469,0.001352,0.001451,70.07,0.001453,154.88,0.0014147,0.001432,0.001432,0.001453,1.466,610037.99,863.0201433
1517175351504,0.001469,0.001352,0.001451,0.6,0.001453,154.88,0.0014147,0.001432,0.001432,0.001451,1.327,610107.46,863.12094427
1517175356253,0.001469,0.001352,0.001451,0.6,0.001452,69.47,0.0014147,0.001432,0.001432,0.001451,1.327,610107.46,863.12094427
1517175362270,0.001469,0.001352,0.001451,0.6,0.001452,69.47,0.0014147,0.001433,0.001432,0.001451,1.256,610067.96,863.06438027
1517175366309,0.001469,0.001352,0.001451,0.6,0.001452,24.19,0.00141471,0.001433,0.001432,0.001453,1.396,610156.37,863.19277053
1517175372523,0.001469,0.001352,0.001451,0.6,0.001452,24.19,0.00141471,0.001433,0.001432,0.001453,1.396,610156.37,863.19277053
1517175378705,0.001469,0.001352,0.001451,0.6,0.001452,24.19,0.00141471,0.001433,0.001432,0.001453,1.396,610156.37,863.19277053
1517175390937,0.001469,0.001352,0.001451,0.6,0.001453,77.13,0.00141471,0.001433,0.001432,0.001453,1.396,610239.37,863.31334534
1517175396152,0.001469,0.001352,0.001451,0.6,0.001453,77.13,0.00141471,0.001433,0.001433,0.001453,1.396,610235.85,863.30830118
1517175399098,0.001469,0.001352,0.001451,0.6,0.001453,69.86,0.00141471,0.001433,0.001433,0.001453,1.396,610243.12,863.31886449
1517175407894,0.001469,0.001352,0.001453,75.35,0.001454,456.06,0.00141472,0.001433,0.001433,0.001453,1.396,610342.98,863.46396107
1517175413661,0.001469,0.001352,0.001453,35.35,0.001454,456.06,0.00141472,0.001433,0.001433,0.001453,1.396,610382.98,863.52208107
1517175417906,0.001469,0.001352,0.001453,35.35,0.001454,456.06,0.00141472,0.001434,0.001433,0.001453,1.325,610305.65,863.41126718
1517175422646,0.001469,0.001352,0.001453,47.22,0.001454,456.06,0.00141472,0.001433,0.001434,0.001453,1.396,610280.85,863.37570398
1517175430409,0.001469,0.001352,0.001453,17.22,0.001454,456.06,0.00141472,0.001434,0.001433,0.001453,1.325,610307.96,863.41515261
1517175434920,0.001469,0.001352,0.001451,0.6,0.001453,40.48,0.00141472,0.001434,0.001433,0.001453,1.325,610332.05,863.45016225
1517175440883,0.001469,0.001352,0.001451,0.6,0.001453,21.1,0.00141472,0.001434,0.001433,0.001453,1.325,610332.05,863.45016225
1517175447026,0.001469,0.001352,0.001451,0.6,0.001453,13.56,0.00141472,0.001433,0.001434,0.001453,1.396,610330.35,863.44772445
1517175450920,0.001469,0.001352,0.001451,0.6,0.001453,40.48,0.00141472,0.001433,0.001434,0.001453,1.396,610330.35,863.44772445
1517175456387,0.001469,0.001352,0.001451,0.6,0.001453,34.66,0.00141472,0.001434,0.001433,0.001453,1.325,610325.85,863.44127595
1517175463348,0.001469,0.001352,0.001451,0.6,0.001454,440.58,0.00141472,0.001433,0.001434,0.001454,1.465,610333.06,863.45178729
1517175469264,0.001469,0.001352,0.001451,0.6,0.001454,440.58,0.00141473,0.001433,0.001434,0.001453,1.396,610380.23,863.5203253
1517175475309,0.001469,0.001352,0.001451,0.6,0.001453,21.1,0.00141473,0.001433,0.001434,0.001453,1.396,610380.23,863.5203253
1517175481456,0.001469,0.001352,0.001451,0.6,0.001454,433.7,0.00141473,0.001433,0.001434,0.001454,1.465,610387.11,863.53032882
1517175492657,0.001469,0.001352,0.001451,0.6,0.001454,433.7,0.00141472,0.001433,0.001433,0.001454,1.465,610227.41,863.30147872
1517175496323,0.001469,0.001352,0.001453,2.27,0.001454,433.7,0.00141472,0.001433,0.001433,0.001454,1.465,610167.41,863.21549872
1517175503974,0.001469,0.001352,0.001447,1063.14,0.001454,433.7,0.00141473,0.001433,0.001433,0.001447,0.977,610300.82,863.40901102
1517175508884,0.001469,0.001352,0.001447,1063.14,0.001453,317.82,0.00141473,0.001434,0.001433,0.001447,0.907,610299.82,863.40757802
1517175514933,0.001469,0.001352,0.001447,780.96,0.001452,48.66,0.00141473,0.001434,0.001433,0.001447,0.907,610299.82,863.40757802
1517175519318,0.001469,0.001352,0.001448,2.4,0.001451,36.6,0.00141473,0.001434,0.001433,0.001447,0.907,610299.82,863.40757802
1517175526006,0.001469,0.001352,0.001447,836.2,0.001452,14.16,0.00141473,0.001435,0.001434,0.001451,1.115,610322.77,863.44111052
1517175528064,0.001469,0.001352,0.001447,838.6,0.001452,14.16,0.00141473,0.001435,0.001434,0.001451,1.115,610322.77,863.44111052
1517175537392,0.001469,0.001352,0.001448,28.93,0.001449,2.26,0.00141473,0.001435,0.001434,0.001448,0.906,610330.77,863.45269452
1517175542012,0.001469,0.001352,0.001449,6.74,0.001452,21.16,0.00141473,0.001435,0.001434,0.001452,1.185,610334.03,863.45742126
1517175548311,0.001469,0.001352,0.001448,28.93,0.001452,21.16,0.00141473,0.001434,0.001435,0.001452,1.255,610327.73,863.44838076
1517175553347,0.001469,0.001352,0.001448,28.93,0.001452,21.16,0.00141473,0.001435,0.001434,0.001452,1.185,610315.73,863.43117276
1517175559027,0.001469,0.001352,0.001448,28.93,0.001452,21.16,0.00141473,0.001435,0.001435,0.001452,1.185,610311.74,863.42544711
1517175567677,0.001469,0.001352,0.001448,28.93,0.001452,21.16,0.00141473,0.001435,0.001435,0.001452,1.185,610311.74,863.42544711
1517175574946,0.001469,0.001352,0.001448,28.91,0.001452,14.29,0.00141473,0.001435,0.001435,0.001448,0.906,610316.46,863.43233736
1517175580361,0.001469,0.001352,0.001448,13.93,0.001452,14.29,0.00141473,0.001435,0.001435,0.001448,0.906,610331.44,863.4540284
1517175583997,0.001469,0.001352,0.001448,40.93,0.001452,14.29,0.00141473,0.001435,0.001435,0.001448,0.906,610331.44,863.4540284
1517175593927,0.001469,0.001352,0.001448,36.93,0.001452,14.29,0.00141473,0.001435,0.001435,0.001448,0.906,610335.44,863.4598204
1517175597557,0.001469,0.001352,0.001448,36.93,0.001452,13.69,0.00141473,0.001435,0.001435,0.001452,1.185,610336.04,863.4606916
1517175608629,0.001469,0.001352,0.001448,36.93,0.001452,13.69,0.00141473,0.001435,0.001435,0.001452,1.185,610336.04,863.4606916
1517175616941,0.001469,0.001352,0.001448,36.93,0.001452,13.69,0.00141473,0.001435,0.001435,0.001452,1.185,610330.11,863.45218205
1517175621222,0.001469,0.001352,0.001448,36.93,0.001452,13.69,0.00141473,0.001435,0.001435,0.001452,1.185,610330.11,863.45218205
1517175633452,0.001469,0.001352,0.001448,36.93,0.001452,13.69,0.00141473,0.001435,0.001435,0.001452,1.185,610330.11,863.45218205
1517175637700,0.001469,0.001352,0.001448,36.93,0.001452,13.69,0.00141473,0.001435,0.001435,0.001452,1.185,610330.11,863.45218205
1517175642460,0.001469,0.001352,0.001448,36.93,0.001452,13.69,0.00141473,0.001435,0.001435,0.001452,1.185,610330.11,863.45218205
1517175649032,0.001469,0.001352,0.001448,36.93,0.001452,13.69,0.00141473,0.001435,0.001435,0.001452,1.185,610330.11,863.45218205
1517175655720,0.001469,0.001352,0.001448,36.93,0.001452,13.69,0.00141473,0.001435,0.001435,0.001452,1.185,610247.82,863.3340959
1517175657479,0.001469,0.001352,0.001448,36.93,0.001452,13.69,0.00141473,0.001436,0.001435,0.001452,1.114,610197.82,863.2623459
1517175667174,0.001469,0.001352,0.001448,34.38,0.001452,13.69,0.00141473,0.001436,0.001435,0.001448,0.836,610200.37,863.2660383
1517175673075,0.001469,0.001352,0.001448,34.38,0.001452,1094.24,0.00141473,0.001436,0.001435,0.001448,0.836,610200.37,863.2660383
1517175677125,0.001469,0.001352,0.001448,31.34,0.001451,8,0.00141473,0.001436,0.001435,0.001448,0.836,610200.37,863.2660383
1517175684205,0.001469,0.001352,0.001448,28.94,0.001451,8,0.00141473,0.001436,0.001435,0.001448,0.836,610200.37,863.2660383
1517175689512,0.001469,0.001352,0.001448,34.45,0.001451,8,0.00141473,0.001436,0.001435,0.001448,0.836,610200.37,863.2660383
1517175693455,0.001469,0.001352,0.001448,34.45,0.001451,8,0.00141473,0.001436,0.001435,0.001448,0.836,610200.37,863.2660383
1517175700965,0.001469,0.001352,0.001448,34.45,0.001451,8,0.00141472,0.001435,0.001436,0.001448,0.906,610072.15,863.08191438
1517175711847,0.001469,0.001352,0.001448,34.45,0.001451,8,0.00141472,0.001436,0.001436,0.001448,0.836,610002.79,862.98231482
1517175716124,0.001469,0.001352,0.001447,838.6,0.001451,8,0.00141472,0.001435,0.001435,0.001448,0.906,610013.45,862.99871254
1517175722783,0.001469,0.001352,0.001449,50,0.001451,8,0.00141472,0.001435,0.001435,0.001448,0.906,609928.45,862.87671254
1517175726162,0.001469,0.001352,0.001449,50,0.001451,8,0.00141472,0.001437,0.001435,0.001448,0.765,609913.45,862.85518754
1517175734357,0.001469,0.001352,0.001448,9,0.001451,2.4,0.00141475,0.001438,0.001437,0.001447,0.626,610540.37,863.76407158
1517175739896,0.001469,0.001352,0.00145,192,0.001451,10.4,0.00141475,0.001438,0.001437,0.00145,0.834,610552.56,863.7817387
1517175745139,0.001469,0.001352,0.001451,42.5,0.001452,1086.24,0.00141475,0.001438,0.001438,0.001451,0.904,610559.21,863.7914054
1517175751411,0.001469,0.001352,0.001451,28.95,0.001452,1086.24,0.00141476,0.001438,0.001438,0.001451,0.904,610572.76,863.81106645
1517175756937,0.001469,0.001352,0.001451,23.82,0.001452,1086.24,0.00141474,0.001438,0.001439,0.001451,0.904,610102.85,863.13535514
1517175762154,0.001469,0.001352,0.001451,23.82,0.001452,1086.24,0.00141474,0.001439,0.001438,0.001451,0.834,610072.87,863.0922439
1517175767902,0.001469,0.001352,0.001451,10.35,0.001452,1086.24,0.00141474,0.001439,0.001439,0.001451,0.834,610084.6,863.10928501
1517175773586,0.001469,0.001352,0.001451,10.35,0.001452,1079.25,0.00141474,0.001438,0.001439,0.001452,0.974,610089.59,863.11655649
1517175779200,0.001469,0.001352,0.001451,10.35,0.001452,1079.25,0.00141474,0.001439,0.001438,0.001452,0.903,610084.9,863.10981227
1517175782149,0.001469,0.001352,0.001451,10.35,0.001452,1079.25,0.00141474,0.001438,0.001439,0.001452,0.974,610057.11,863.06982246
1517175789717,0.001469,0.001352,0.001451,10.35,0.001452,1079.25,0.00141474,0.001438,0.001439,0.001452,0.974,610057.11,863.06982246
1517175795959,0.001469,0.001352,0.001451,10.35,0.001452,1079.25,0.00141473,0.001438,0.001438,0.001452,0.974,609977.11,862.95478246
1517175798260,0.001469,0.001352,0.001451,10.35,0.001452,1079.25,0.00141473,0.001438,0.001438,0.001452,0.974,609977.11,862.95478246
1517175805156,0.001469,0.001352,0.001451,10.35,0.001452,1079.25,0.00141473,0.001438,0.001438,0.001452,0.974,609929.68,862.88657812
1517175808919,0.001469,0.001352,0.001451,10.35,0.001452,1079.25,0.00141473,0.001438,0.001438,0.001452,0.974,609929.68,862.88657812
1517175818208,0.001469,0.001352,0.001451,1.25,0.001452,889.05,0.00141475,0.001438,0.001438,0.001451,0.904,610213.78,863.29908222
1517175823314,0.001469,0.001352,0.001448,140.18,0.001452,889.05,0.00141475,0.001438,0.001436,0.001451,0.904,610206.52,863.28864686
1517175826170,0.001469,0.001352,0.001448,140.18,0.001451,2.5,0.00141475,0.001438,0.001436,0.001451,0.904,610206.52,863.28864686
1517175835418,0.001469,0.001352,0.001448,2.4,0.001452,599.55,0.00141477,0.001438,0.001436,0.001452,0.974,610498.52,863.71262836
1517175840815,0.001469,0.001352,0.001448,11.4,0.001451,2.5,0.00141477,0.001438,0.001436,0.001452,0.974,610498.52,863.71262836
1517175846203,0.001469,0.001352,0.001448,9,0.001451,2.5,0.00141477,0.001438,0.001436,0.001452,0.974,610498.52,863.71262836
1517175849952,0.001469,0.001352,0.001447,73.15,0.001452,599.55,0.00141476,0.001438,0.001438,0.001452,0.974,610468.52,863.66948836
1517175857737,0.001469,0.001352,0.001448,11.4,0.001452,599.55,0.00141476,0.001438,0.001438,0.001452,0.974,610408.52,863.58320836
1517175862617,0.001469,0.001352,0.001448,11.4,0.001452,586.47,0.00141476,0.001438,0.001439,0.001452,0.974,610329.01,863.4690831
1517175869015,0.001469,0.001352,0.001448,11.4,0.001452,584.47,0.00141476,0.001438,0.001439,0.001452,0.974,610329.01,863.4690831
1517175874210,0.001469,0.001352,0.001448,11.4,0.00145,2,0.00141476,0.001438,0.001439,0.001452,0.974,610329.01,863.4690831
1517175878693,0.001469,0.001352,0.001448,11.4,0.001452,581.61,0.00141476,0.001438,0.001439,0.001452,0.974,610333.87,863.47613582
1517175883612,0.001469,0.001352,0.001448,11.4,0.001452,581.61,0.00141472,0.001435,0.001437,0.001452,1.185,609246.32,861.9127747
1517175890198,0.001469,0.001352,0.001448,11.4,0.001452,581.61,0.00141472,0.001435,0.001437,0.001452,1.185,609246.32,861.9127747
1517175896238,0.001469,0.001352,0.001448,11.4,0.001452,578.31,0.00141472,0.001435,0.001437,0.001452,1.185,609249.62,861.9175663
1517175901884,0.001469,0.001352,0.001448,11.4,0.001452,578.31,0.00141472,0.001435,0.001437,0.001452,1.185,609249.62,861.9175663
1517175907202,0.001469,0.001352,0.001448,9,0.00145,821.47,0.00141472,0.001435,0.001437,0.001452,1.185,609249.62,861.9175663
1517175913656,0.001469,0.001352,0.001447,36.2,0.00145,821.47,0.00141472,0.001435,0.001437,0.001452,1.185,609249.62,861.9175663
1517175917278,0.001469,0.001352,0.001447,36.2,0.00145,821.47,0.00141472,0.001437,0.001435,0.001452,1.044,609246.2,861.9126586
1517175924320,0.001469,0.001352,0.001447,36.2,0.00145,821.47,0.00141472,0.001437,0.001435,0.001452,1.044,609246.2,861.9126586
1517175928742,0.001469,0.001352,0.001447,36.2,0.00145,807.5,0.00141472,0.001437,0.001435,0.00145,0.905,609260.17,861.9329151
1517175932302,0.001469,0.001352,0.001447,36.2,0.00145,807.5,0.00141472,0.001437,0.001437,0.00145,0.905,609251.81,861.92090178
1517175942334,0.001469,0.001352,0.001447,36.2,0.00145,870.5,0.00141472,0.001437,0.001437,0.00145,0.905,609251.81,861.92090178
1517175946522,0.001469,0.001352,0.001447,36.2,0.00145,807.5,0.00141472,0.001437,0.001437,0.00145,0.905,609229.45,861.88877046
1517175954650,0.001469,0.001352,0.001447,36.2,0.00145,870.55,0.00141472,0.001437,0.001437,0.00145,0.905,609229.45,861.88877046
1517175960012,0.001469,0.001352,0.001447,36.2,0.00145,793.8,0.00141472,0.001435,0.001437,0.00145,1.045,609232.79,861.89378389
1517175965823,0.001469,0.001352,0.001446,289.61,0.00145,779.48,0.00141472,0.001435,0.001435,0.00145,1.045,609090.92,861.69093335
1517175971595,0.001469,0.001352,0.001446,289.61,0.00145,824.24,0.00141472,0.001435,0.001435,0.00145,1.045,609111.71,861.72107635
1517175976807,0.001469,0.001352,0.001446,289.61,0.00145,762.97,0.00141472,0.001435,0.001435,0.00145,1.045,609111.71,861.72107635
