1517174952089,0.00004497,0.0000415,0.00004164,1248,0.00004169,118,0.00004319,0.00004168,0.00004152,0.00004164,-0.096,6368981,275.08483987
1517174956096,0.00004497,0.0000415,0.00004164,1248,0.00004169,118,0.00004319,0.00004168,0.00004152,0.00004164,-0.096,6368981,275.08483987
1517174964530,0.00004497,0.0000415,0.00004164,1248,0.00004169,118,0.00004319,0.00004168,0.00004168,0.00004164,-0.096,6368710,275.07354459
1517174969601,0.00004497,0.0000415,0.00004164,1248,0.00004169,118,0.00004319,0.00004168,0.00004168,0.00004164,-0.096,6368621,275.06983507
1517174975803,0.00004497,0.0000415,0.00004164,1248,0.0000417,1935,0.00004319,0.00004168,0.00004168,0.00004164,-0.096,6368621,275.06983507
1517174979514,0.00004497,0.0000415,0.0000416,632,0.00004164,10482,0.00004319,0.00004168,0.00004168,0.00004164,-0.096,6369869,275.12180179
1517174986618,0.00004497,0.0000415,0.0000416,632,0.00004164,9224,0.00004319,0.00004168,0.00004168,0.00004164,-0.096,6371127,275.17418491
1517174991723,0.00004497,0.0000415,0.0000416,514,0.00004164,5920,0.00004319,0.00004168,0.00004168,0.0000416,-0.192,6374549,275.31667227
1517174994037,0.00004497,0.0000415,0.0000416,514,0.00004164,5825,0.00004319,0.00004168,0.00004168,0.00004164,-0.096,6374644,275.32062807
1517175003414,0.00004497,0.0000415,0.0000416,514,0.00004164,6549,0.00004319,0.00004161,0.00004168,0.00004164,0.072,6373790,275.28502939
1517175008901,0.00004497,0.0000415,0.0000416,514,0.00004164,6549,0.00004319,0.00004161,0.00004168,0.00004164,0.072,6373790,275.28502939
1517175015120,0.00004497,0.0000415,0.0000416,514,0.00004163,4698,0.00004319,0.00004161,0.00004168,0.00004163,0.048,6375721,275.36541692
1517175017499,0.00004497,0.0000415,0.0000416,309,0.00004164,6549,0.00004319,0.00004161,0.00004168,0.00004163,0.048,6380624,275.56952266
1517175026089,0.00004497,0.0000415,0.0000416,309,0.00004164,4334,0.00004319,0.00004161,0.00004168,0.00004164,0.072,6382839,275.66175526
1517175037179,0.00004497,0.0000415,0.0000416,309,0.00004164,3738,0.00004319,0.00004161,0.00004168,0.00004164,0.072,6383435,275.6865727
1517175043318,0.00004497,0.0000415,0.0000416,309,0.00004164,3784,0.00004319,0.00004168,0.00004161,0.00004164,-0.096,6383020,275.66930614
1517175048104,0.00004497,0.0000415,0.0000416,309,0.00004163,12,0.00004319,0.00004168,0.00004161,0.00004163,-0.12,6383952,275.7081053
1517175051939,0.00004497,0.0000415,0.0000416,309,0.00004163,12,0.00004319,0.00004168,0.00004161,0.00004163,-0.12,6383952,275.7081053
1517175056921,0.00004497,0.0000415,0.0000416,309,0.00004163,12,0.00004319,0.00004168,0.00004161,0.00004163,-0.12,6383952,275.7081053
1517175065551,0.00004497,0.0000415,0.0000416,309,0.00004163,12,0.00004319,0.0000415,0.00004161,0.00004163,0.313,6382854,275.66240079
1517175071933,0.00004497,0.0000415,0.0000416,309,0.00004163,12,0.00004319,0.0000415,0.00004161,0.00004163,0.313,6382854,275.66240079
1517175074294,0.00004497,0.0000415,0.0000416,309,0.00004163,12,0.00004319,0.0000415,0.00004161,0.00004163,0.313,6382854,275.66240079
1517175082859,0.00004497,0.00004151,0.0000416,309,0.00004164,2961,0.00004319,0.00004158,0.0000415,0.00004163,0.12,6379988,275.54352302
1517175087409,0.00004497,0.00004151,0.0000416,309,0.00004164,2961,0.00004319,0.00004158,0.0000415,0.00004163,0.12,6379988,275.54352302
1517175092472,0.00004497,0.00004151,0.0000416,309,0.00004164,1706,0.00004319,0.00004158,0.0000415,0.00004164,0.144,6381243,275.59578122
1517175098424,0.00004497,0.00004151,0.0000416,309,0.00004172,793,0.00004319,0.00004158,0.00004158,0.00004164,0.144,6381551,275.60869022
1517175105831,0.00004497,0.00004151,0.0000416,5019,0.00004173,160,0.00004319,0.00004156,0.00004158,0.00004172,0.385,6379972,275.54306452
1517175111473,0.00004497,0.00004151,0.00004161,2380,0.00004173,160,0.00004319,0.00004156,0.00004158,0.00004172,0.385,6379972,275.54306452
1517175115961,0.00004497,0.00004151,0.0000416,5019,0.00004173,160,0.00004319,0.00004156,0.00004158,0.00004172,0.385,6379972,275.54306452
1517175123082,0.00004497,0.00004151,0.00004162,2915,0.00004173,160,0.00004319,0.00004156,0.00004158,0.00004172,0.385,6379972,275.54306452
1517175124602,0.00004497,0.00004151,0.00004161,2380,0.00004173,160,0.00004319,0.00004156,0.00004158,0.00004172,0.385,6379972,275.54306452
1517175135286,0.00004497,0.00004151,0.00004161,2380,0.00004173,160,0.00004319,0.00004156,0.00004158,0.00004172,0.385,6379972,275.54306452
1517175140875,0.00004497,0.00004151,0.00004162,2915,0.00004178,350,0.00004319,0.00004156,0.00004158,0.00004176,0.481,6380472,275.56393972
1517175146460,0.00004497,0.00004151,0.00004163,4707,0.00004164,49,0.00004319,0.00004156,0.00004158,0.00004176,0.481,6380472,275.56393972
1517175151568,0.00004497,0.00004151,0.00004167,2331,0.00004181,154,0.00004319,0.00004156,0.00004158,0.00004181,0.602,6380717,275.57417169
1517175154890,0.00004497,0.00004151,0.00004168,4701,0.00004184,154,0.00004319,0.00004156,0.00004158,0.00004181,0.602,6380717,275.57417169
1517175163020,0.00004497,0.00004151,0.0000417,4699,0.00004187,52,0.00004319,0.00004156,0.00004158,0.00004184,0.674,6380819,275.57843937
1517175168890,0.00004497,0.00004151,0.00004173,4696,0.00004181,51,0.00004319,0.00004156,0.00004158,0.00004184,0.674,6380819,275.57843937
1517175174479,0.00004497,0.00004151,0.00004173,4696,0.00004181,51,0.00004319,0.00004156,0.00004158,0.00004184,0.674,6380819,275.57843937
1517175178750,0.00004497,0.00004151,0.00004174,145,0.00004181,51,0.00004319,0.00004156,0.00004158,0.00004184,0.674,6380819,275.57843937
1517175185692,0.00004497,0.00004151,0.00004174,145,0.00004181,51,0.00004319,0.00004156,0.00004158,0.00004184,0.674,6380819,275.57843937
1517175190786,0.00004497,0.00004151,0.00004174,145,0.00004184,10724,0.00004319,0.00004152,0.00004152,0.00004184,0.771,6380717,275.57424184
1517175196253,0.00004497,0.00004151,0.00004174,145,0.00004184,10724,0.00004319,0.00004152,0.00004152,0.00004184,0.771,6380717,275.57424184
1517175201046,0.00004497,0.00004151,0.00004174,145,0.00004184,10724,0.00004319,0.00004152,0.00004152,0.00004184,0.771,6380717,275.57424184
1517175212296,0.00004497,0.00004151,0.00004166,4704,0.00004183,8085,0.00004319,0.00004152,0.00004152,0.00004184,0.771,6380717,275.57424184
1517175217888,0.00004497,0.00004151,0.00004167,1457,0.00004184,10724,0.00004319,0.00004152,0.00004152,0.00004184,0.771,6380713,275.57407576
1517175220731,0.00004497,0.00004151,0.00004171,145,0.00004184,10336,0.00004319,0.00004152,0.00004152,0.00004184,0.771,6381101,275.59030968
1517175230500,0.00004497,0.00004151,0.00004171,145,0.00004184,18863,0.00004319,0.00004152,0.00004152,0.00004184,0.771,6381101,275.59030968
1517175238158,0.00004497,0.00004151,0.00004171,145,0.00004184,18863,0.00004319,0.0000416,0.00004152,0.00004184,0.577,6381087,275.5897284
1517175247728,0.00004497,0.00004151,0.00004171,145,0.00004183,8085,0.00004319,0.0000416,0.00004152,0.00004184,0.577,6381087,275.5897284
1517175252825,0.00004497,0.00004151,0.00004171,145,0.00004184,10336,0.00004319,0.0000416,0.00004152,0.00004184,0.577,6381087,275.5897284
1517175256755,0.00004497,0.00004151,0.00004171,145,0.00004184,10336,0.00004319,0.0000416,0.00004152,0.00004184,0.577,6381087,275.5897284
1517175261412,0.00004497,0.00004151,0.00004171,145,0.00004184,10336,0.00004319,0.0000416,0.00004152,0.00004184,0.577,6381087,275.5897284
1517175266289,0.00004497,0.00004151,0.00004171,145,0.00004184,10336,0.00004319,0.0000416,0.00004152,0.00004184,0.577,6381087,275.5897284
1517175275587,0.00004497,0.00004151,0.00004171,145,0.00004183,8085,0.00004319,0.0000416,0.00004152,0.00004184,0.577,6381087,275.5897284
1517175280523,0.00004497,0.00004151,0.00004171,145,0.00004184,10336,0.00004319,0.0000416,0.00004152,0.00004184,0.577,6381087,275.5897284
1517175284857,0.00004497,0.00004151,0.00004171,145,0.00004184,9990,0.00004319,0.0000416,0.0000416,0.00004184,0.577,6380847,275.5797444
1517175298374,0.00004497,0.00004151,0.00004171,145,0.00004184,9990,0.00004319,0.0000416,0.0000416,0.00004184,0.577,6380847,275.5797444
1517175304201,0.00004497,0.00004151,0.00004171,145,0.00004184,9990,0.00004319,0.0000416,0.0000416,0.00004184,0.577,6380847,275.5797444
1517175307615,0.00004497,0.00004151,0.00004171,145,0.00004184,10440,0.00004319,0.0000416,0.0000416,0.00004184,0.577,6380967,275.5847652
1517175313203,0.00004497,0.00004151,0.00004161,962,0.00004183,8880,0.00004319,0.0000416,0.0000416,0.00004164,0.096,6389494,275.93986192
1517175320599,0.00004497,0.00004151,0.00004162,120,0.00004182,795,0.00004319,0.00004152,0.0000416,0.00004164,0.289,6389433,275.93732432
1517175323524,0.00004497,0.00004151,0.00004161,962,0.00004182,795,0.00004319,0.00004152,0.00004152,0.00004164,0.289,6389372,275.9347916
1517175329228,0.00004497,0.00004151,0.00004161,908,0.00004181,8880,0.00004319,0.00004152,0.00004152,0.00004164,0.289,6389372,275.9347916
1517175337798,0.00004497,0.00004151,0.00004161,608,0.00004164,1950,0.00004319,0.00004152,0.00004152,0.00004161,0.217,6389672,275.9472746
1517175347928,0.00004497,0.00004151,0.00004161,608,0.00004164,1950,0.00004319,0.00004152,0.00004152,0.00004161,0.217,6389672,275.9472746
1517175352064,0.00004497,0.00004157,0.00004161,608,0.00004164,774,0.00004319,0.00004158,0.00004151,0.00004164,0.144,6390621,275.98681954
1517175355032,0.00004497,0.00004157,0.00004161,608,0.00004164,774,0.00004319,0.00004158,0.00004151,0.00004164,0.144,6390621,275.98681954
1517175364938,0.00004497,0.00004157,0.00004161,608,0.00004164,774,0.00004319,0.00004158,0.00004151,0.00004164,0.144,6390621,275.98681954
1517175369820,0.00004497,0.00004157,0.00004161,608,0.00004164,774,0.00004319,0.00004158,0.00004151,0.00004164,0.144,6390621,275.98681954
1517175372308,0.00004497,0.00004157,0.00004161,608,0.00004164,774,0.00004319,0.00004158,0.00004151,0.00004164,0.144,6390621,275.98681954
1517175382319,0.00004497,0.00004157,0.0000416,414,0.00004161,356,0.00004319,0.00004158,0.00004151,0.00004161,0.072,6391229,276.01211842
1517175386322,0.00004497,0.00004157,0.0000416,414,0.00004161,356,0.00004319,0.00004158,0.00004151,0.00004161,0.072,6391229,276.01211842
1517175389585,0.00004497,0.00004157,0.00004157,461,0.00004161,356,0.00004319,0.00004158,0.00004151,0.00004157,-0.024,6391682,276.03096205
1517175398718,0.00004497,0.00004157,0.00004157,461,0.00004161,226,0.00004319,0.00004158,0.00004151,0.00004161,0.072,6391812,276.03637135
1517175403388,0.00004497,0.00004157,0.00004157,461,0.00004161,226,0.00004319,0.0000416,0.00004158,0.00004161,0.024,6390787,275.99375185
1517175410565,0.00004497,0.00004157,0.00004157,461,0.00004161,285,0.00004319,0.0000416,0.00004158,0.00004161,0.024,6390787,275.99375185
1517175415590,0.00004497,0.00004157,0.00004157,461,0.00004161,236,0.00004319,0.0000416,0.00004158,0.00004161,0.024,6390836,275.99579074
1517175421338,0.00004497,0.00004157,0.00004157,461,0.00004164,382,0.00004319,0.0000416,0.00004158,0.00004164,0.096,6391464,276.02193358
1517175426848,0.00004497,0.00004157,0.00004157,461,0.00004161,73,0.00004319,0.0000416,0.00004158,0.00004164,0.096,6391464,276.02193358
1517175432690,0.00004497,0.00004157,0.00004157,461,0.00004161,73,0.00004319,0.0000416,0.00004158,0.00004164,0.096,6391464,276.02193358
1517175437159,0.00004497,0.00004157,0.00004161,992,0.00004164,382,0.00004319,0.0000416,0.00004158,0.00004161,0.024,6391537,276.02497111
1517175441589,0.00004497,0.00004157,0.00004161,992,0.00004164,382,0.00004319,0.00004157,0.0000416,0.00004161,0.096,6388639,275.90441431
1517175449931,0.00004497,0.00004157,0.00004161,492,0.00004164,382,0.00004319,0.00004158,0.00004157,0.00004161,0.072,6388187,275.88564467
1517175455391,0.00004497,0.00004157,0.00004161,492,0.00004164,382,0.00004319,0.00004158,0.00004157,0.00004161,0.072,6388187,275.88564467
1517175460975,0.00004497,0.00004157,0.00004161,492,0.00004164,382,0.00004319,0.00004158,0.00004157,0.00004161,0.072,6388187,275.88564467
1517175464891,0.00004497,0.00004157,0.00004161,440,0.00004164,382,0.00004319,0.00004158,0.00004157,0.00004161,0.072,6388239,275.88780839
1517175472713,0.00004497,0.00004157,0.00004158,4713,0.00004161,49,0.00004319,0.00004158,0.00004157,0.00004161,0.072,6388958,275.91772598
1517175476898,0.00004497,0.00004157,0.00004157,461,0.00004161,49,0.00004319,0.00004158,0.00004157,0.00004161,0.072,6388958,275.91772598
1517175483610,0.00004497,0.00004157,0.00004161,6,0.00004164,382,0.00004319,0.00004158,0.00004157,0.00004161,0.072,6389007,275.91976487
1517175487965,0.00004497,0.00004157,0.00004162,2331,0.00004164,382,0.00004319,0.00004158,0.00004157,0.00004161,0.072,6389007,275.91976487
1517175495092,0.00004497,0.00004157,0.00004161,6,0.00004164,382,0.00004319,0.00004158,0.00004157,0.00004161,0.072,6389007,275.91976487
1517175501058,0.00004497,0.00004157,0.00004161,6,0.00004164,381,0.00004319,0.00004158,0.00004157,0.00004164,0.144,6389008,275.91980651
1517175504355,0.00004497,0.00004157,0.00004161,6,0.00004164,381,0.00004319,0.00004158,0.00004157,0.00004164,0.144,6389008,275.91980651
1517175511066,0.00004497,0.00004157,0.00004161,6,0.00004164,381,0.00004319,0.00004158,0.00004157,0.00004164,0.144,6389008,275.91980651
1517175518226,0.00004497,0.00004154,0.00004155,4716,0.00004164,381,0.00004319,0.00004158,0.00004157,0.00004156,-0.048,6389840,275.9543867
1517175523779,0.00004497,0.00004154,0.00004154,375,0.00004164,381,0.00004319,0.00004158,0.00004157,0.00004156,-0.048,6389840,275.9543867
1517175528213,0.00004497,0.00004152,0.00004152,1901,0.00004164,381,0.00004319,0.00004158,0.00004157,0.00004152,-0.144,6390977,276.00160576
1517175540634,0.00004497,0.0000415,0.0000415,5394,0.00004164,381,0.00004318,0.00004158,0.00004157,0.0000415,-0.192,6400847,276.41137004
1517175545637,0.00004497,0.0000415,0.0000415,5394,0.00004164,381,0.00004318,0.00004158,0.00004157,0.0000415,-0.192,6400847,276.41137004
1517175548463,0.00004497,0.0000415,0.00004154,100,0.00004164,381,0.00004318,0.00004158,0.00004157,0.0000415,-0.192,6400847,276.41137004
1517175554548,0.00004497,0.0000415,0.00004154,100,0.00004164,329,0.00004318,0.00004158,0.00004157,0.00004164,0.144,6400899,276.41353532
1517175563164,0.00004497,0.0000415,0.0000415,4594,0.00004164,329,0.00004318,0.0000416,0.00004158,0.00004154,-0.144,6395996,276.20966458
1517175565783,0.00004497,0.0000415,0.00004151,801,0.00004164,329,0.00004318,0.0000416,0.00004158,0.00004154,-0.144,6395996,276.20966458
1517175571765,0.00004497,0.0000415,0.00004151,801,0.00004164,329,0.00004318,0.0000416,0.00004158,0.00004154,-0.144,6395996,276.20966458
1517175580170,0.00004497,0.0000415,0.00004151,801,0.00004164,329,0.00004318,0.0000416,0.00004158,0.00004154,-0.144,6395996,276.20966458
1517175584579,0.00004497,0.0000415,0.00004151,801,0.00004167,795,0.00004318,0.0000416,0.00004158,0.00004164,0.096,6396325,276.22336414
1517175590805,0.00004497,0.0000415,0.00004154,100,0.00004169,795,0.00004318,0.0000416,0.00004158,0.00004164,0.096,6396325,276.22336414
1517175593361,0.00004497,0.0000415,0.00004164,66,0.00004169,795,0.00004318,0.0000416,0.00004158,0.00004164,0.096,6396325,276.22336414
1517175602016,0.00004497,0.0000415,0.00004151,801,0.00004176,795,0.00004318,0.0000416,0.00004158,0.00004164,0.096,6396325,276.22336414
1517175606176,0.00004497,0.0000415,0.00004151,801,0.00004175,795,0.00004318,0.0000416,0.00004158,0.00004164,0.096,6396325,276.22336414
1517175613538,0.00004497,0.0000415,0.00004165,100,0.00004175,795,0.00004318,0.0000416,0.0000416,0.00004164,0.096,6396058,276.21225694
1517175615683,0.00004497,0.0000415,0.00004165,100,0.0000418,795,0.00004318,0.0000416,0.0000416,0.00004164,0.096,6396058,276.21225694
1517175624076,0.00004497,0.0000415,0.00004165,100,0.00004182,795,0.00004318,0.0000416,0.0000416,0.00004164,0.096,6396058,276.21225694
1517175630744,0.00004497,0.0000415,0.00004165,100,0.00004182,795,0.00004319,0.0000416,0.0000416,0.00004164,0.096,6392763,276.07518494
1517175636202,0.00004497,0.0000415,0.00004165,100,0.00004183,795,0.00004319,0.0000416,0.0000416,0.00004164,0.096,6392763,276.07518494
1517175640851,0.00004497,0.0000415,0.00004165,100,0.00004184,795,0.00004319,0.0000416,0.0000416,0.00004164,0.096,6392763,276.07518494
1517175647709,0.00004497,0.0000415,0.00004165,100,0.00004184,795,0.00004319,0.0000416,0.0000416,0.00004164,0.096,6392763,276.07518494
1517175652766,0.00004497,0.0000415,0.00004154,1137,0.00004161,457,0.00004319,0.0000416,0.0000416,0.00004164,0.096,6393150,276.09130062
1517175658659,0.00004497,0.0000415,0.00004155,600,0.00004161,457,0.00004319,0.0000416,0.0000416,0.00004164,0.096,6393150,276.09130062
1517175660793,0.00004497,0.0000415,0.00004155,600,0.00004161,457,0.00004319,0.0000416,0.0000416,0.00004164,0.096,6393150,276.09130062
1517175669628,0.00004497,0.0000415,0.00004155,883,0.0000416,99,0.00004319,0.0000416,0.0000416,0.00004164,0.096,6393150,276.09130062
1517175675446,0.00004497,0.0000415,0.00004158,1120,0.00004161,133,0.00004319,0.0000416,0.0000416,0.00004161,0.024,6393607,276.11031336
1517175680713,0.00004497,0.0000415,0.00004167,16,0.00004169,795,0.00004319,0.0000416,0.0000416,0.00004161,0.024,6393740,276.11584749
1517175686347,0.00004497,0.0000415,0.00004167,299,0.00004172,795,0.00004319,0.0000416,0.0000416,0.00004161,0.024,6393740,276.11584749
1517175689903,0.00004497,0.0000415,0.00004158,1128,0.00004164,394,0.00004319,0.0000416,0.0000416,0.00004167,0.168,6393849,276.12040282
1517175697385,0.00004497,0.0000415,0.00004161,50,0.00004164,394,0.00004319,0.0000416,0.0000416,0.00004167,0.168,6393849,276.12040282
1517175702995,0.00004497,0.0000415,0.00004161,50,0.00004172,249,0.00004319,0.0000416,0.0000416,0.00004172,0.288,6394789,276.1595881
1517175708390,0.00004497,0.0000415,0.00004156,548,0.00004161,27,0.00004319,0.0000416,0.0000416,0.00004161,0.024,6394839,276.1616686
1517175714164,0.00004497,0.0000415,0.00004155,566,0.00004161,27,0.00004319,0.0000416,0.0000416,0.00004161,0.024,6394468,276.146235
1517175719865,0.00004497,0.0000415,0.00004155,566,0.00004161,27,0.00004319,0.0000416,0.0000416,0.00004161,0.024,6394468,276.146235
1517175725323,0.00004497,0.0000415,0.00004155,566,0.00004161,27,0.00004319,0.0000416,0.0000416,0.00004161,0.024,6394468,276.146235
1517175731020,0.00004497,0.0000415,0.00004155,566,0.00004171,176,0.00004319,0.0000416,0.0000416,0.00004168,0.192,6394568,276.15040111
1517175736392,0.00004497,0.0000415,0.00004155,566,0.00004171,176,0.00004319,0.0000416,0.0000416,0.00004168,0.192,6394568,276.15040111
1517175741471,0.00004497,0.0000415,0.00004161,326,0.00004168,104,0.00004319,0.0000416,0.0000416,0.00004168,0.192,6394568,276.15040111
1517175748009,0.00004497,0.0000415,0.00004161,326,0.00004168,23,0.00004319,0.0000416,0.0000416,0.00004168,0.192,6394649,276.15377719
1517175753581,0.00004497,0.0000415,0.00004161,326,0.00004168,23,0.00004319,0.0000416,0.0000416,0.00004168,0.192,6394599,276.15169719
1517175758254,0.00004497,0.0000415,0.00004158,1127,0.00004168,23,0.00004319,0.0000416,0.0000416,0.00004168,0.192,6394599,276.15169719
1517175764798,0.00004497,0.0000415,0.00004158,1127,0.00004168,23,0.00004319,0.0000416,0.0000416,0.00004168,0.192,6394223,276.13605559
1517175770199,0.00004497,0.0000415,0.00004158,1127,0.0000417,134,0.00004319,0.0000416,0.0000416,0.0000417,0.24,6393979,276.12593953
1517175776046,0.00004497,0.0000415,0.00004151,801,0.0000417,309,0.00004319,0.0000416,0.0000416,0.0000417,0.24,6393980,276.12598123
1517175780935,0.00004497,0.0000415,0.00004151,801,0.0000417,309,0.00004319,0.0000416,0.0000416,0.0000417,0.24,6393980,276.12598123
1517175784857,0.00004497,0.0000415,0.00004151,801,0.0000417,309,0.00004319,0.0000416,0.0000416,0.0000417,0.24,6393008,276.08554603
1517175792960,0.00004497,0.0000415,0.00004151,801,0.0000417,309,0.00004319,0.0000416,0.0000416,0.0000417,0.24,6393008,276.08554603
1517175798466,0.00004497,0.0000415,0.0000415,5216,0.0000417,86,0.00004319,0.0000416,0.0000416,0.0000417,0.24,6393231,276.09484513
1517175803610,0.00004497,0.0000415,0.00004153,1106,0.0000417,86,0.00004319,0.0000416,0.0000416,0.0000417,0.24,6393231,276.09484513
1517175809686,0.00004497,0.0000415,0.00004153,1106,0.0000417,86,0.00004319,0.0000416,0.0000416,0.0000417,0.24,6393231,276.09484513
1517175814534,0.00004497,0.0000415,0.00004154,1134,0.00004171,86,0.00004319,0.0000416,0.0000416,0.0000417,0.24,6393231,276.09484513
1517175820744,0.00004497,0.0000415,0.00004152,712,0.00004172,86,0.00004319,0.00004165,0.0000416,0.0000417,0.12,6383731,275.69964513
1517175825503,0.00004497,0.0000415,0.00004155,1157,0.00004172,86,0.00004319,0.00004165,0.0000416,0.0000417,0.12,6383731,275.69964513
1517175831705,0.00004497,0.0000415,0.00004153,1882,0.00004173,86,0.00004319,0.00004165,0.0000416,0.0000417,0.12,6383731,275.69964513
1517175837367,0.00004497,0.0000415,0.00004157,1163,0.00004161,134,0.00004319,0.00004165,0.0000416,0.00004173,0.192,6383746,275.70027108
1517175841140,0.00004497,0.0000415,0.00004154,1584,0.00004161,134,0.00004319,0.00004165,0.0000416,0.00004173,0.192,6383746,275.70027108
1517175847949,0.00004497,0.0000415,0.00004154,3169,0.00004161,134,0.00004319,0.00004165,0.0000416,0.00004173,0.192,6383746,275.70027108
1517175853897,0.00004497,0.0000415,0.00004154,3169,0.00004161,134,0.00004319,0.00004165,0.0000416,0.00004173,0.192,6383746,275.70027108
1517175859886,0.00004497,0.0000415,0.00004154,3169,0.00004161,134,0.00004319,0.00004165,0.0000416,0.00004173,0.192,6383746,275.70027108
1517175865779,0.00004497,0.0000415,0.00004157,1114,0.00004161,134,0.00004319,0.00004165,0.0000416,0.00004173,0.192,6383746,275.70027108
1517175871016,0.00004497,0.0000415,0.00004157,1114,0.00004161,134,0.00004319,0.00004165,0.0000416,0.00004173,0.192,6383746,275.70027108
1517175876365,0.00004497,0.0000415,0.00004157,1114,0.00004161,134,0.00004319,0.00004165,0.0000416,0.00004173,0.192,6383746,275.70027108
1517175882094,0.00004497,0.0000415,0.00004164,1153,0.00004175,71,0.00004319,0.00004165,0.0000416,0.00004161,-0.096,6383880,275.70584682
1517175886874,0.00004497,0.0000415,0.00004164,1153,0.00004175,71,0.00004319,0.00004165,0.0000416,0.00004161,-0.096,6383880,275.70584682
1517175892438,0.00004497,0.0000415,0.00004161,5687,0.00004179,71,0.00004319,0.00004165,0.0000416,0.00004161,-0.096,6385372,275.76796353
1517175898771,0.00004497,0.0000415,0.00004161,5687,0.0000417,4735,0.00004319,0.00004165,0.0000416,0.00004161,-0.096,6385372,275.76796353
1517175904368,0.00004497,0.0000415,0.00004161,5687,0.0000417,4735,0.00004319,0.00004165,0.0000416,0.00004161,-0.096,6385372,275.76796353
1517175909803,0.00004497,0.0000415,0.00004161,5687,0.0000417,4735,0.00004319,0.00004165,0.0000416,0.00004161,-0.096,6385372,275.76796353
1517175913480,0.00004497,0.0000415,0.00004161,5687,0.0000417,4735,0.00004319,0.00004165,0.0000416,0.00004161,-0.096,6385372,275.76796353
1517175919477,0.00004497,0.0000415,0.00004161,5637,0.0000417,4735,0.00004319,0.00004165,0.0000416,0.00004161,-0.096,6385422,275.77004403
1517175927716,0.00004497,0.0000415,0.00004161,14038,0.0000417,4630,0.00004319,0.00004165,0.0000416,0.0000417,0.12,6385527,275.77442253
1517175928116,0.00004497,0.0000415,0.00004161,14038,0.0000417,4630,0.00004319,0.00004165,0.0000416,0.0000417,0.12,6385527,275.77442253
1517175937448,0.00004497,0.0000415,0.00004161,14038,0.00004178,71,0.00004319,0.00004165,0.0000416,0.0000417,0.12,6385527,275.77442253
1517175944418,0.00004497,0.0000415,0.00004162,3163,0.00004178,71,0.00004319,0.00004165,0.0000416,0.0000417,0.12,6385527,275.77442253
1517175949992,0.00004497,0.0000415,0.00004162,3163,0.0000418,71,0.00004319,0.00004165,0.0000416,0.0000417,0.12,6385527,275.77442253
1517175953953,0.00004497,0.0000415,0.00004162,3163,0.0000417,4630,0.00004319,0.00004165,0.0000416,0.0000417,0.12,6385527,275.77442253
1517175961277,0.00004497,0.0000415,0.00004162,3163,0.0000417,4630,0.00004319,0.00004179,0.00004165,0.0000417,-0.215,6385148,275.75863718
1517175966336,0.00004497,0.0000415,0.00004162,3163,0.0000417,4630,0.00004319,0.00004179,0.00004165,0.0000417,-0.215,6385148,275.75863718
1517175972407,0.00004497,0.0000415,0.00004162,3163,0.0000417,4630,0.00004319,0.00004179,0.00004165,0.0000417,-0.215,6385148,275.75863718
