1517174953158,0.00009949,0.00009104,0.00009402,6111,0.00009403,558,0.00009536,0.0000965,0.00009659,0.00009402,-2.57,4049790,386.19881952
1517174957322,0.00009949,0.00009104,0.00009402,6111,0.00009403,532,0.00009536,0.0000965,0.00009659,0.00009403,-2.56,4049816,386.2012643
1517174962397,0.00009949,0.00009104,0.00009402,2510,0.00009403,194,0.00009536,0.0000965,0.00009659,0.00009403,-2.56,4053755,386.57161246
1517174969612,0.00009949,0.00009104,0.00009402,2510,0.00009403,128,0.00009536,0.00009642,0.0000965,0.00009403,-2.479,4053449,386.54185128
1517174974984,0.00009949,0.00009104,0.00009402,2510,0.00009403,128,0.00009536,0.00009642,0.0000965,0.00009403,-2.479,4053449,386.54185128
1517174981186,0.00009949,0.00009104,0.00009402,400,0.00009403,100,0.00009536,0.00009642,0.0000965,0.00009402,-2.489,4055559,386.74023348
1517174985891,0.00009949,0.00009104,0.00009402,400,0.00009403,128,0.00009536,0.00009649,0.00009593,0.00009402,-2.56,4054659,386.65361819
1517174992377,0.00009949,0.00009104,0.00009404,3000,0.00009412,164,0.00009536,0.00009649,0.00009593,0.00009403,-2.549,4054759,386.66302119
1517174997815,0.00009949,0.00009104,0.00009405,1306,0.00009412,164,0.00009536,0.00009649,0.00009593,0.00009405,-2.529,4055181,386.70271029
1517175001260,0.00009949,0.00009104,0.00009405,1306,0.00009412,164,0.00009536,0.00009619,0.00009649,0.00009405,-2.225,4054986,386.68389474
1517175009204,0.00009949,0.00009104,0.00009406,3000,0.00009412,164,0.00009536,0.00009619,0.00009649,0.00009405,-2.225,4054986,386.68389474
1517175014397,0.00009949,0.00009104,0.00009406,3000,0.00009412,4,0.00009536,0.00009619,0.00009649,0.00009412,-2.152,4055146,386.69895394
1517175020385,0.00009949,0.00009104,0.00009433,46,0.00009466,40,0.00009536,0.00009619,0.00009649,0.00009412,-2.152,4055150,386.69933042
1517175025782,0.00009949,0.00009104,0.00009433,46,0.00009466,40,0.00009536,0.00009619,0.00009619,0.00009412,-2.152,4055126,386.69702186
1517175032208,0.00009949,0.00009104,0.0000941,1306,0.00009433,227,0.00009536,0.00009619,0.00009619,0.00009433,-1.934,4055205,386.70447393
1517175037522,0.00009949,0.00009104,0.00009412,2012,0.00009485,593,0.00009536,0.00009619,0.00009619,0.00009412,-2.152,4055476,386.73002812
1517175042936,0.00009949,0.00009104,0.00009431,160,0.00009482,44,0.00009536,0.00009619,0.00009619,0.00009412,-2.152,4055476,386.73002812
1517175048830,0.00009949,0.00009104,0.00009414,3000,0.0000948,463,0.00009536,0.00009639,0.0000958,0.00009412,-2.355,4053230,386.51435079
1517175054407,0.00009949,0.00009104,0.0000942,478,0.00009477,616,0.00009536,0.00009635,0.00009639,0.00009412,-2.314,4053178,386.50933851
1517175059657,0.00009949,0.00009104,0.00009421,3000,0.00009476,918,0.00009536,0.00009638,0.00009635,0.00009476,-1.681,4053745,386.56294512
1517175065042,0.00009949,0.00009104,0.0000942,478,0.00009474,44,0.00009536,0.00009638,0.00009635,0.00009476,-1.681,4053745,386.56294512
1517175071272,0.00009949,0.00009104,0.00009421,169,0.00009472,40,0.00009536,0.00009634,0.00009638,0.00009475,-1.65,4053727,386.56111204
1517175075899,0.00009949,0.00009104,0.0000942,478,0.00009472,40,0.00009536,0.00009634,0.00009638,0.00009475,-1.65,4053727,386.56111204
1517175080146,0.00009949,0.00009104,0.0000942,478,0.00009472,40,0.00009536,0.00009634,0.00009638,0.00009475,-1.65,4053727,386.56111204
1517175088164,0.00009949,0.00009104,0.0000942,478,0.00009471,581,0.00009536,0.00009638,0.00009635,0.00009475,-1.691,4053529,386.54203602
1517175092594,0.00009949,0.00009104,0.0000942,478,0.0000947,40,0.00009536,0.00009638,0.00009639,0.00009475,-1.691,4053338,386.5236269
1517175097082,0.00009949,0.00009104,0.0000942,478,0.00009471,581,0.00009536,0.00009638,0.00009639,0.00009475,-1.691,4053338,386.5236269
1517175104765,0.00009949,0.00009104,0.0000942,478,0.00009469,500,0.00009536,0.00009638,0.00009639,0.00009475,-1.691,4053338,386.5236269
1517175110157,0.00009949,0.00009104,0.0000942,478,0.00009469,500,0.00009536,0.00009637,0.0000964,0.00009475,-1.681,4053266,386.51668886
1517175114120,0.00009949,0.00009104,0.0000942,478,0.00009469,500,0.00009536,0.00009637,0.00009637,0.00009475,-1.681,4051001,386.29841081
1517175119316,0.00009949,0.00009104,0.0000942,478,0.00009466,40,0.00009536,0.00009637,0.00009637,0.00009475,-1.681,4051001,386.29841081
1517175121761,0.00009949,0.00009104,0.0000942,478,0.00009466,40,0.00009536,0.00009637,0.00009637,0.00009475,-1.681,4051001,386.29841081
1517175132791,0.00009949,0.00009104,0.00009425,2032,0.00009468,1409,0.00009536,0.0000964,0.00009637,0.00009468,-1.784,4052347,386.42438334
1517175138040,0.00009949,0.00009104,0.00009429,1713,0.00009467,318,0.00009536,0.0000964,0.00009637,0.00009425,-2.23,4052665,386.45435484
1517175143621,0.00009949,0.00009104,0.0000943,1591,0.00009467,318,0.00009536,0.0000964,0.00009637,0.00009429,-2.189,4052670,386.45482629
1517175147825,0.00009949,0.00009104,0.00009433,1707,0.00009465,323,0.00009536,0.0000964,0.00009637,0.00009432,-2.158,4052685,386.45624109
1517175153436,0.00009949,0.00009104,0.00009436,182,0.00009464,323,0.00009536,0.0000964,0.0000965,0.00009432,-2.158,4052582,386.44630619
1517175160577,0.00009949,0.00009104,0.00009434,39,0.00009464,323,0.00009536,0.0000964,0.0000965,0.00009432,-2.158,4052582,386.44630619
1517175166412,0.00009949,0.00009104,0.00009434,516,0.00009464,323,0.00009536,0.0000964,0.0000965,0.00009432,-2.158,4052582,386.44630619
1517175172203,0.00009949,0.00009104,0.00009436,4571,0.00009464,323,0.00009536,0.0000964,0.0000965,0.00009436,-2.116,4052587,386.44677799
1517175175467,0.00009949,0.00009104,0.00009437,1571,0.00009464,323,0.00009536,0.0000964,0.0000965,0.00009436,-2.116,4052587,386.44677799
1517175182827,0.00009949,0.00009104,0.00009434,39,0.00009464,323,0.00009536,0.0000964,0.0000965,0.00009436,-2.116,4052587,386.44677799
1517175188424,0.00009949,0.00009104,0.00009434,516,0.00009464,323,0.00009536,0.0000965,0.0000965,0.00009426,-2.321,4052397,386.42822057
1517175194753,0.00009949,0.00009104,0.00009434,516,0.00009464,274,0.00009536,0.0000965,0.0000965,0.00009464,-1.927,4052446,386.43285793
1517175199737,0.00009949,0.00009104,0.00009434,516,0.00009464,302,0.00009536,0.0000965,0.0000965,0.00009464,-1.927,4052446,386.43285793
1517175202445,0.00009949,0.00009104,0.00009436,1571,0.00009464,302,0.00009536,0.0000965,0.0000965,0.00009464,-1.927,4052446,386.43285793
1517175211429,0.00009949,0.00009104,0.00009436,1571,0.00009464,302,0.00009536,0.0000965,0.0000965,0.00009464,-1.927,4052371,386.42562043
1517175216446,0.00009949,0.00009104,0.00009434,1795,0.00009464,302,0.00009536,0.0000964,0.0000965,0.00009464,-1.826,4051821,386.37254543
1517175221512,0.00009949,0.00009104,0.00009435,477,0.00009464,441,0.00009536,0.0000964,0.0000965,0.00009464,-1.826,4051821,386.37254543
1517175227157,0.00009949,0.00009104,0.00009435,477,0.00009464,441,0.00009536,0.0000964,0.0000965,0.00009464,-1.826,4051821,386.37254543
1517175231836,0.00009949,0.00009104,0.00009421,1759,0.00009464,441,0.00009536,0.0000964,0.0000965,0.00009418,-2.303,4053230,386.50537278
1517175240005,0.00009949,0.00009104,0.00009423,1758,0.00009457,78,0.00009536,0.00009637,0.00009637,0.00009418,-2.272,4050355,386.22828816
1517175245521,0.00009949,0.00009104,0.00009426,1123,0.00009455,440,0.00009536,0.00009637,0.00009637,0.00009423,-2.221,4050521,386.24393034
1517175250882,0.00009949,0.00009104,0.00009414,1578,0.00009454,390,0.00009536,0.00009637,0.00009637,0.00009455,-1.889,4050649,386.25603274
1517175255897,0.00009949,0.00009104,0.00009418,1728,0.00009453,312,0.00009536,0.00009648,0.00009637,0.00009455,-2,4050472,386.23897525
1517175266567,0.00009949,0.00009104,0.00009419,1143,0.00009453,312,0.00009536,0.00009648,0.00009637,0.00009419,-2.374,4050492,386.24085905
1517175272934,0.00009949,0.00009104,0.00009421,1103,0.00009452,78,0.00009536,0.0000965,0.00009648,0.00009419,-2.394,4050302,386.22252785
1517175275769,0.00009949,0.00009104,0.00009421,1103,0.00009452,390,0.00009536,0.0000965,0.00009648,0.00009419,-2.394,4050302,386.22252785
1517175283474,0.00009949,0.00009104,0.00009421,1103,0.00009452,390,0.00009536,0.0000965,0.0000965,0.00009419,-2.394,4050228,386.21538685
1517175290305,0.00009949,0.00009104,0.00009421,1103,0.00009452,312,0.00009536,0.0000965,0.0000965,0.00009419,-2.394,4050228,386.21538685
1517175295327,0.00009949,0.00009104,0.00009421,1103,0.00009452,312,0.00009536,0.0000965,0.0000965,0.00009419,-2.394,4050228,386.21538685
1517175301533,0.00009949,0.00009104,0.00009415,1578,0.00009449,312,0.00009536,0.0000965,0.0000965,0.00009413,-2.456,4052435,386.42329534
1517175307494,0.00009949,0.00009104,0.00009412,162,0.00009421,28,0.00009536,0.0000965,0.0000965,0.00009413,-2.456,4052435,386.42329534
1517175310731,0.00009949,0.00009104,0.00009412,162,0.00009421,28,0.00009536,0.0000965,0.0000965,0.00009413,-2.456,4052435,386.42329534
1517175318334,0.00009949,0.00009104,0.00009412,162,0.00009449,312,0.00009536,0.0000965,0.0000965,0.00009413,-2.456,4052435,386.42329534
1517175324232,0.00009949,0.00009104,0.00009412,58,0.00009449,269,0.00009536,0.0000965,0.0000965,0.00009412,-2.466,4052539,386.43308382
1517175329429,0.00009949,0.00009104,0.00009412,58,0.00009449,50,0.00009536,0.0000965,0.0000965,0.00009449,-2.083,4053070,386.48325489
1517175335501,0.00009949,0.00009104,0.00009404,1070,0.00009412,265,0.00009536,0.0000965,0.0000965,0.00009412,-2.466,4053226,386.49774959
1517175340798,0.00009949,0.00009104,0.00009404,1042,0.00009412,265,0.00009536,0.0000965,0.0000965,0.00009404,-2.549,4053254,386.50038271
1517175346655,0.00009949,0.00009104,0.00009404,1042,0.00009412,265,0.00009536,0.0000965,0.0000965,0.00009404,-2.549,4053213,386.49642621
1517175352241,0.00009949,0.00009104,0.00009405,2053,0.00009412,90,0.00009536,0.0000965,0.0000965,0.00009412,-2.466,4053388,386.51289721
1517175357931,0.00009949,0.00009104,0.00009404,1042,0.00009412,90,0.00009536,0.0000965,0.0000965,0.00009405,-2.539,4053561,386.52915561
1517175361049,0.00009949,0.00009104,0.00009404,1042,0.00009412,90,0.00009536,0.0000965,0.0000965,0.00009405,-2.539,4052661,386.44230561
1517175369113,0.00009949,0.00009104,0.00009404,542,0.00009412,90,0.00009535,0.0000965,0.0000965,0.00009404,-2.549,4052990,386.47282411
1517175373241,0.00009949,0.00009104,0.00009404,542,0.00009412,90,0.00009535,0.0000965,0.0000965,0.00009404,-2.549,4052921,386.46616561
1517175380620,0.00009949,0.00009104,0.00009404,542,0.00009412,90,0.00009535,0.00009647,0.0000965,0.00009404,-2.519,4052877,386.46191961
1517175383144,0.00009949,0.00009104,0.00009404,542,0.00009412,90,0.00009535,0.00009647,0.0000965,0.00009404,-2.519,4052877,386.46191961
1517175390077,0.00009949,0.00009104,0.00009404,542,0.00009412,90,0.00009535,0.0000965,0.0000965,0.00009404,-2.549,4052789,386.4534298
1517175395253,0.00009949,0.00009104,0.00009404,542,0.00009412,90,0.00009535,0.00009662,0.0000965,0.00009404,-2.67,4052729,386.4476398
1517175402656,0.00009949,0.00009104,0.00009403,1876,0.00009404,77,0.00009535,0.00009655,0.00009655,0.00009404,-2.6,4053415,386.51105952
1517175408238,0.00009949,0.00009104,0.00009403,1876,0.00009404,77,0.00009535,0.00009655,0.00009655,0.00009404,-2.6,4053415,386.51105952
1517175411019,0.00009949,0.00009104,0.00009403,1876,0.00009412,90,0.00009535,0.00009662,0.00009655,0.00009404,-2.67,4053392,386.5086456
1517175419816,0.00009949,0.00009104,0.00009404,1911,0.00009412,90,0.00009535,0.00009662,0.00009655,0.00009404,-2.67,4053392,386.5086456
1517175424891,0.00009949,0.00009104,0.00009404,1911,0.00009412,90,0.00009535,0.00009662,0.00009662,0.00009404,-2.67,4053369,386.50642334
1517175431196,0.00009949,0.00009104,0.00009404,1911,0.00009412,90,0.00009535,0.00009662,0.00009662,0.00009404,-2.67,4053134,386.48371764
1517175435622,0.00009949,0.00009104,0.00009404,1911,0.00009412,90,0.00009535,0.00009655,0.00009662,0.00009404,-2.6,4053105,386.48091566
1517175442482,0.00009949,0.00009104,0.00009404,1911,0.00009412,90,0.00009535,0.00009655,0.00009662,0.00009404,-2.6,4053105,386.48091566
1517175447601,0.00009949,0.00009104,0.00009404,1911,0.00009412,90,0.00009535,0.00009651,0.00009651,0.00009404,-2.559,4052407,386.41353568
1517175450894,0.00009949,0.00009104,0.00009404,1911,0.00009412,90,0.00009535,0.00009651,0.00009651,0.00009404,-2.559,4052407,386.41353568
1517175458906,0.00009949,0.00009104,0.00009404,36,0.0000941,694,0.00009535,0.00009655,0.0000965,0.00009404,-2.6,4051425,386.31876588
1517175463091,0.00009949,0.00009104,0.00009404,36,0.00009409,77,0.00009535,0.0000965,0.00009655,0.00009404,-2.549,4051325,386.30911088
1517175472991,0.00009949,0.00009104,0.00009404,36,0.00009409,77,0.00009535,0.0000965,0.00009647,0.00009404,-2.549,4050817,386.26010379
1517175481033,0.00009949,0.00009104,0.000094,95,0.00009402,181,0.00009535,0.00009661,0.00009642,0.00009402,-2.681,4050732,386.25079605
1517175487106,0.00009949,0.00009104,0.000094,95,0.00009401,253,0.00009535,0.00009661,0.00009661,0.00009402,-2.681,4050486,386.22704899
1517175492997,0.00009949,0.00009104,0.000094,95,0.00009401,218,0.00009535,0.00009661,0.00009661,0.00009401,-2.691,4050521,386.23033934
1517175496286,0.00009949,0.00009104,0.000094,45,0.00009401,218,0.00009535,0.00009661,0.00009642,0.000094,-2.702,4050542,386.23224221
1517175502660,0.00009949,0.00009104,0.000094,45,0.00009401,218,0.00009535,0.00009661,0.00009661,0.000094,-2.702,4050537,386.23175916
1517175509062,0.00009949,0.00009104,0.00009399,1026,0.000094,133,0.00009535,0.00009643,0.00009661,0.00009399,-2.53,4050601,386.23771471
1517175514067,0.00009949,0.00009104,0.00009399,893,0.000094,308,0.00009535,0.0000966,0.00009661,0.000094,-2.692,4050755,386.25209929
1517175520702,0.00009949,0.00009104,0.00009399,767,0.000094,308,0.00009535,0.0000966,0.0000966,0.00009399,-2.702,4050860,386.26191343
1517175525108,0.00009949,0.00009104,0.00009399,767,0.000094,148,0.00009535,0.0000966,0.0000966,0.000094,-2.692,4050970,386.27212343
1517175535001,0.00009949,0.00009104,0.00009399,767,0.000094,148,0.00009535,0.0000966,0.0000966,0.000094,-2.692,4050970,386.27212343
1517175542601,0.00009949,0.00009104,0.00009382,800,0.00009399,5155,0.00009535,0.00009655,0.0000966,0.00009382,-2.828,4051844,386.35413852
1517175543419,0.00009949,0.00009104,0.00009382,800,0.00009399,5155,0.00009535,0.00009655,0.0000966,0.00009382,-2.828,4051844,386.35413852
1517175553259,0.00009949,0.00009104,0.00009382,800,0.00009399,5155,0.00009535,0.00009645,0.0000966,0.00009382,-2.727,4051732,386.34332182
1517175563313,0.00009949,0.00009104,0.00009382,800,0.00009399,5155,0.00009535,0.00009643,0.00009645,0.00009382,-2.707,4051645,386.33493067
1517175574273,0.00009949,0.00009104,0.00009382,800,0.00009399,5155,0.00009535,0.0000966,0.00009643,0.00009382,-2.878,4051334,386.30494094
1517175581713,0.00009949,0.00009104,0.00009382,800,0.00009399,5155,0.00009535,0.00009643,0.0000966,0.00009382,-2.707,4051303,386.30194634
1517175593178,0.00009949,0.00009104,0.00009382,800,0.00009399,5155,0.00009535,0.00009642,0.00009667,0.00009382,-2.697,4050770,386.25045233
1517175598929,0.00009949,0.00009104,0.00009382,700,0.00009399,5155,0.00009535,0.00009642,0.00009667,0.00009382,-2.697,4050870,386.25983433
1517175608830,0.00009949,0.00009104,0.00009382,610,0.00009399,5155,0.00009535,0.00009663,0.00009627,0.00009382,-2.908,4050597,386.23330172
1517175615456,0.00009949,0.00009104,0.00009382,610,0.00009399,5155,0.00009535,0.00009663,0.00009627,0.00009382,-2.908,4050597,386.23330172
1517175619891,0.00009949,0.00009104,0.00009382,610,0.00009399,5155,0.00009535,0.00009663,0.00009627,0.00009382,-2.908,4050597,386.23330172
1517175624729,0.00009949,0.00009104,0.00009382,610,0.00009398,1312,0.00009535,0.00009663,0.00009627,0.00009382,-2.908,4050597,386.23330172
1517175637751,0.00009949,0.00009104,0.00009382,409,0.00009398,1312,0.00009535,0.00009658,0.00009661,0.00009382,-2.858,4049847,386.16053357
1517175643175,0.00009949,0.00009104,0.00009382,409,0.00009398,1312,0.00009535,0.00009654,0.00009658,0.00009382,-2.817,4049800,386.15599431
1517175649035,0.00009949,0.00009104,0.00009382,409,0.00009399,2467,0.00009535,0.00009654,0.00009658,0.00009399,-2.641,4053800,386.53194119
1517175654624,0.00009949,0.00009104,0.00009382,221,0.00009399,2467,0.00009535,0.00009654,0.00009658,0.00009382,-2.817,4053988,386.54957935
1517175660241,0.00009949,0.00009104,0.00009382,221,0.00009399,2467,0.00009535,0.0000965,0.00009654,0.00009382,-2.777,4053885,386.53963573
1517175665497,0.00009949,0.00009104,0.00009382,68,0.00009399,2438,0.00009535,0.00009624,0.0000965,0.00009382,-2.515,4053467,386.4988159
1517175671447,0.00009949,0.00009104,0.00009382,68,0.00009399,2438,0.00009535,0.0000965,0.00009624,0.00009382,-2.777,4053367,386.4891919
1517175677047,0.00009949,0.00009104,0.00009382,68,0.00009399,2438,0.00009535,0.0000965,0.00009624,0.00009382,-2.777,4053367,386.4891919
1517175683251,0.00009949,0.00009104,0.00009382,68,0.00009399,2438,0.00009535,0.0000965,0.0000965,0.00009382,-2.777,4053238,386.4767434
1517175688224,0.00009949,0.00009104,0.00009382,68,0.00009399,2438,0.00009535,0.00009648,0.0000965,0.00009382,-2.757,4053012,386.4549344
1517175694042,0.00009949,0.00009104,0.00009382,68,0.00009399,2438,0.00009535,0.00009648,0.0000965,0.00009382,-2.757,4053012,386.4549344
1517175699447,0.00009949,0.00009104,0.0000938,3,0.00009398,118,0.00009535,0.00009648,0.0000965,0.0000938,-2.778,4053172,386.46994376
1517175705616,0.00009949,0.00009104,0.0000938,3,0.00009382,474,0.00009535,0.00009648,0.0000965,0.0000938,-2.778,4053172,386.46994376
1517175711427,0.00009949,0.00009104,0.0000938,3,0.00009382,474,0.00009535,0.0000965,0.0000965,0.0000938,-2.798,4052909,386.44456798
1517175715905,0.00009949,0.00009104,0.0000938,3,0.00009382,320,0.00009535,0.0000965,0.0000965,0.00009382,-2.777,4052998,386.45274376
1517175727960,0.00009949,0.00009104,0.0000938,3,0.00009382,320,0.00009535,0.0000965,0.0000965,0.00009382,-2.777,4052998,386.45274376
1517175731150,0.00009949,0.00009104,0.0000938,3,0.00009382,14,0.00009535,0.0000965,0.0000965,0.00009382,-2.777,4053283,386.47942618
1517175738681,0.00009949,0.00009104,0.0000938,3,0.00009382,14,0.00009535,0.0000965,0.0000965,0.00009382,-2.777,4052755,386.42847418
1517175744782,0.00009949,0.00009104,0.0000938,3,0.00009398,118,0.00009535,0.0000965,0.0000965,0.00009382,-2.777,4052755,386.42847418
1517175748498,0.00009949,0.00009104,0.0000938,3,0.00009398,118,0.00009535,0.0000965,0.0000965,0.00009382,-2.777,4052755,386.42847418
1517175755274,0.00009949,0.00009104,0.0000938,3,0.00009398,118,0.00009535,0.0000965,0.0000965,0.00009382,-2.777,4052662,386.41949968
1517175760407,0.00009949,0.00009104,0.00009382,95,0.00009398,118,0.00009535,0.0000965,0.0000965,0.00009382,-2.777,4052662,386.41949968
1517175772855,0.00009949,0.00009104,0.0000938,77,0.00009382,230,0.00009535,0.00009655,0.0000965,0.00009382,-2.828,4052633,386.41644658
1517175777286,0.00009949,0.00009104,0.0000938,77,0.00009382,230,0.00009535,0.0000965,0.0000965,0.00009382,-2.777,4052453,386.39907363
1517175783193,0.00009949,0.00009104,0.0000938,77,0.00009382,230,0.00009535,0.0000965,0.0000965,0.00009382,-2.777,4052453,386.39907363
1517175785902,0.00009949,0.00009104,0.0000938,77,0.00009382,230,0.00009535,0.0000965,0.0000965,0.00009382,-2.777,4052453,386.39907363
1517175793853,0.00009949,0.00009104,0.0000938,77,0.00009382,230,0.00009535,0.0000965,0.0000965,0.00009382,-2.777,4052453,386.39907363
1517175800272,0.00009949,0.00009104,0.0000938,77,0.00009382,230,0.00009535,0.00009655,0.0000965,0.00009382,-2.828,4052396,386.39357313
1517175802674,0.00009949,0.00009104,0.0000938,77,0.00009382,230,0.00009535,0.00009655,0.0000965,0.00009382,-2.828,4052396,386.39357313
1517175815718,0.00009949,0.00009104,0.00009376,200,0.0000938,142,0.00009535,0.0000965,0.00009641,0.0000938,-2.798,4052395,386.39326771
1517175819274,0.00009949,0.00009104,0.00009376,200,0.0000938,142,0.00009535,0.0000965,0.00009641,0.0000938,-2.798,4052395,386.39326771
1517175839310,0.00009949,0.00009104,0.00009377,22,0.0000938,142,0.00009535,0.0000965,0.00009641,0.0000938,-2.798,4052395,386.39326771
1517175845547,0.00009949,0.00009104,0.00009377,22,0.0000938,142,0.00009535,0.0000965,0.00009641,0.0000938,-2.798,4052395,386.39326771
1517175850709,0.00009949,0.00009104,0.00009377,22,0.0000938,142,0.00009535,0.0000965,0.00009641,0.0000938,-2.798,4052395,386.39326771
1517175853896,0.00009949,0.00009104,0.00009377,22,0.0000938,142,0.00009535,0.0000965,0.00009641,0.0000938,-2.798,4052395,386.39326771
1517175860381,0.00009949,0.00009104,0.00009377,22,0.0000938,488,0.00009535,0.0000965,0.00009641,0.0000938,-2.798,4052395,386.39326771
1517175867338,0.00009949,0.00009104,0.00009377,22,0.0000938,488,0.00009535,0.0000964,0.00009641,0.0000938,-2.697,4051308,386.28846698
1517175869911,0.00009949,0.00009104,0.00009377,22,0.0000938,463,0.00009535,0.0000964,0.00009641,0.0000938,-2.697,4051333,386.29081198
1517175878806,0.00009949,0.00009104,0.00009377,22,0.0000938,463,0.00009535,0.00009624,0.00009624,0.0000938,-2.535,4048855,386.05230318
1517175890790,0.00009949,0.00009104,0.0000938,4747,0.00009398,118,0.00009535,0.00009624,0.00009624,0.0000938,-2.535,4049318,386.09573258
1517175892781,0.00009949,0.00009104,0.0000938,4747,0.00009398,94,0.00009535,0.00009624,0.00009624,0.00009398,-2.348,4049342,386.0979881
1517175900704,0.00009949,0.00009104,0.0000938,4747,0.00009398,94,0.00009535,0.00009624,0.00009624,0.00009398,-2.348,4049342,386.0979881
1517175906946,0.00009949,0.00009104,0.0000938,4367,0.00009398,94,0.00009535,0.0000964,0.00009624,0.0000938,-2.697,4049677,386.1293013
1517175911591,0.00009949,0.00009104,0.0000938,4367,0.00009398,94,0.00009535,0.0000964,0.00009624,0.0000938,-2.697,4049677,386.1293013
1517175918384,0.00009949,0.00009104,0.0000938,4367,0.00009398,94,0.00009535,0.0000964,0.0000964,0.0000938,-2.697,4049377,386.1003813
1517175925049,0.00009949,0.00009104,0.0000938,3864,0.00009402,181,0.00009535,0.0000964,0.0000964,0.0000938,-2.697,4050973,386.25030282
1517175927494,0.00009949,0.00009104,0.0000938,3904,0.00009402,181,0.00009535,0.0000964,0.0000964,0.0000938,-2.697,4050973,386.25030282
1517175936358,0.00009949,0.00009104,0.0000938,3904,0.00009402,181,0.00009535,0.00009624,0.0000964,0.0000938,-2.535,4050908,386.24403682
1517175939679,0.00009949,0.00009104,0.0000938,3904,0.00009402,181,0.00009535,0.00009624,0.0000964,0.0000938,-2.535,4050908,386.24403682
1517175945432,0.00009949,0.00009104,0.0000938,4055,0.00009402,181,0.00009535,0.00009624,0.0000964,0.0000938,-2.535,4050908,386.24403682
1517175958855,0.00009949,0.00009104,0.0000938,4055,0.00009402,181,0.00009534,0.0000964,0.00009624,0.0000938,-2.697,4037795,384.9820417
1517175961428,0.00009949,0.00009104,0.0000938,4055,0.00009402,181,0.00009534,0.0000964,0.00009624,0.0000938,-2.697,4037795,384.9820417
1517175965111,0.00009949,0.00009104,0.0000938,4055,0.00009402,181,0.00009534,0.0000964,0.00009624,0.0000938,-2.697,4037795,384.9820417
