1517174953290,0.000635,0.0005655,0.00057804,112,0.00058185,258,0.00059625,0.00061494,0.00061479,0.00057802,-6.004,6436494,3837.74839866
1517174958923,0.000635,0.0005655,0.00057869,10,0.00058133,240,0.00059624,0.000615,0.000615,0.00058167,-5.42,6434524,3836.53446564
1517174964561,0.000635,0.0005655,0.00057728,277,0.00058114,227,0.00059624,0.000615,0.000615,0.00057731,-6.128,6434730,3836.65319252
1517174970008,0.000635,0.0005655,0.0005786,9,0.00058086,249,0.00059624,0.000616,0.000616,0.00058086,-5.705,6434706,3836.61908071
1517174975725,0.000635,0.0005655,0.00057866,4,0.00058054,20,0.00059624,0.000615,0.000616,0.00058055,-5.602,6434683,3836.60448839
1517174981349,0.000635,0.0005655,0.00057869,84,0.00058045,141,0.00059624,0.000615,0.000616,0.00058045,-5.618,6435676,3837.1805345
1517174986914,0.000635,0.0005655,0.0005789,4,0.00058044,5,0.00059624,0.000616,0.000615,0.00058044,-5.773,6435771,3837.23519399
1517174992697,0.000635,0.0005655,0.00057903,17,0.00058039,208,0.00059623,0.000616,0.000615,0.00058039,-5.781,6436483,3837.64760034
1517174997379,0.000635,0.0005655,0.00057903,17,0.00058038,5,0.00059623,0.000616,0.000615,0.00058039,-5.781,6436532,3837.67603945
1517175003878,0.000635,0.0005655,0.00058039,126,0.0005804,7,0.00059623,0.000616,0.000616,0.00058039,-5.781,6436250,3837.4964848
1517175009327,0.000635,0.0005655,0.00058054,146,0.00058219,91,0.00059623,0.00061669,0.00061681,0.00058051,-5.867,6436258,3837.49158516
1517175015206,0.000635,0.0005655,0.0005807,10,0.00058219,49,0.00059623,0.00061669,0.00061681,0.00058066,-5.842,6436327,3837.53164764
1517175020485,0.000635,0.0005655,0.00058059,264,0.00058219,7,0.00059623,0.00061669,0.0006155,0.00058219,-5.594,6437025,3837.93425588
1517175026290,0.000635,0.0005655,0.00058074,210,0.00058135,20,0.00059622,0.000617,0.000617,0.00058218,-5.643,6436148,3837.39123414
1517175031891,0.000635,0.0005655,0.000581,118,0.00058133,39,0.00059622,0.00061703,0.00061703,0.00058133,-5.786,6436138,3837.38477869
1517175037533,0.000635,0.0005655,0.000581,122,0.00058133,327,0.00059622,0.000617,0.0006175,0.00058135,-5.778,6436022,3837.31094152
1517175042273,0.000635,0.0005655,0.000581,122,0.00058133,320,0.00059622,0.000617,0.00061701,0.00058133,-5.781,6435600,3837.04998072
1517175048604,0.000635,0.0005655,0.000581,112,0.00058199,122,0.00059622,0.00061799,0.000618,0.000581,-5.986,6435521,3836.98894573
1517175054673,0.000635,0.0005655,0.00058068,258,0.00058197,16,0.00059622,0.00061799,0.000618,0.00058057,-6.055,6434607,3836.41071141
1517175060190,0.000635,0.0005655,0.00058059,263,0.00058196,129,0.00059622,0.00061799,0.000618,0.00058057,-6.055,6434607,3836.41071141
1517175065532,0.000635,0.0005655,0.00058083,7,0.00058194,12,0.00059622,0.00061711,0.00061799,0.00058081,-5.882,6434614,3836.41459118
1517175071138,0.000635,0.0005655,0.00058072,30,0.00058194,8,0.00059621,0.00061799,0.000618,0.00058194,-5.833,6434595,3836.40104201
1517175076870,0.000635,0.0005655,0.0005809,246,0.0005851,46,0.00059621,0.00061799,0.00061799,0.0005809,-6.002,6436447,3837.4760414
1517175082424,0.000635,0.0005655,0.00058117,182,0.00058449,59,0.00059621,0.00061891,0.00061845,0.00058094,-6.135,6435480,3836.87568136
1517175088164,0.000635,0.0005655,0.00058158,182,0.00058448,16,0.00059621,0.00061891,0.00061891,0.00058449,-5.561,6435491,3836.88021755
1517175093618,0.000635,0.0005655,0.00058182,126,0.00058449,7,0.0005962,0.00061704,0.000619,0.00058178,-5.714,6434581,3836.31290217
1517175099320,0.000635,0.0005655,0.00058191,19,0.00058443,112,0.0005962,0.00061891,0.000619,0.00058191,-5.978,6434693,3836.37275277
1517175104423,0.000635,0.0005655,0.0005816,10,0.00058298,238,0.0005962,0.000619,0.00061799,0.00058437,-5.595,6434734,3836.37569726
1517175110611,0.000635,0.0005655,0.00058191,479,0.00058294,17,0.00059619,0.000618,0.00061746,0.00058191,-5.84,6434081,3835.96556975
1517175115994,0.000635,0.0005655,0.00058191,479,0.00058289,127,0.00059619,0.00061801,0.000619,0.00058292,-5.678,6433902,3835.8541622
1517175121197,0.000635,0.0005655,0.000582,5,0.00058286,27,0.00059619,0.00061808,0.00061899,0.00058289,-5.693,6433001,3835.29358842
1517175127206,0.000635,0.0005655,0.000582,5,0.0005828,27,0.00059619,0.00061899,0.00061808,0.00058289,-5.832,6432997,3835.2911161
1517175132335,0.000635,0.0005655,0.00058191,147,0.00058282,4,0.00059619,0.000619,0.00061801,0.00058282,-5.845,6433225,3835.41595175
1517175138271,0.000635,0.0005655,0.00058175,1000,0.00058282,21,0.00059618,0.00061617,0.00061437,0.00058191,-5.56,6429570,3833.15293819
1517175143688,0.000635,0.0005655,0.00058175,1000,0.00058289,209,0.00059618,0.00061846,0.00061617,0.00058289,-5.751,6429579,3833.15728417
1517175149672,0.000635,0.0005655,0.00058175,1000,0.00058289,178,0.00059617,0.000618,0.00061848,0.00058289,-5.681,6429406,3833.04941781
1517175154970,0.000635,0.0005655,0.00058175,1000,0.00058289,178,0.00059617,0.00061795,0.000618,0.00058289,-5.674,6429379,3833.03273181
1517175160485,0.000635,0.0005655,0.00058175,508,0.00058288,80,0.00059617,0.00061795,0.000618,0.00058175,-5.858,6429871,3833.31895281
1517175166102,0.000635,0.0005655,0.00058175,491,0.00058288,80,0.00059617,0.00061795,0.00061652,0.00058175,-5.858,6429848,3833.3041346
1517175171402,0.000635,0.0005655,0.00058177,129,0.000582,47,0.00059617,0.000618,0.000618,0.000582,-5.825,6429522,3833.1023788
1517175177963,0.000635,0.0005655,0.000582,23,0.00058288,80,0.00059617,0.000618,0.000618,0.000582,-5.825,6429466,3833.0635427
1517175182910,0.000635,0.0005655,0.00058175,380,0.00058288,80,0.00059617,0.00061657,0.000618,0.00058175,-5.647,6429535,3833.09921013
1517175189320,0.000635,0.0005655,0.00058177,207,0.00058288,73,0.00059617,0.00061657,0.000618,0.00058288,-5.464,6429542,3833.10329029
1517175194787,0.000635,0.0005655,0.00058177,207,0.00058288,19,0.00059617,0.00061663,0.00061657,0.00058288,-5.473,6430026,3833.38516838
1517175200279,0.000635,0.0005655,0.00058177,269,0.00058288,19,0.00059617,0.00061667,0.00061663,0.00058288,-5.479,6430022,3833.38270186
1517175205992,0.000635,0.0005655,0.00058177,221,0.00058288,19,0.00059617,0.00061657,0.0006165,0.00058177,-5.644,6429794,3833.24046465
1517175211202,0.000635,0.0005655,0.00058178,34,0.00058289,134,0.00059617,0.00061786,0.00061788,0.00058178,-5.84,6429937,3833.32301147
1517175215036,0.000635,0.0005655,0.00058178,30,0.00058289,117,0.00059617,0.00061662,0.00061657,0.00058289,-5.47,6429743,3833.20251064
1517175222812,0.000635,0.0005655,0.000582,190,0.00058289,73,0.00059617,0.00061782,0.00061782,0.00058289,-5.654,6429824,3833.24904463
1517175228181,0.000635,0.0005655,0.00058201,5,0.00058289,1,0.00059617,0.00061782,0.00061782,0.00058289,-5.654,6429896,3833.29101271
1517175233432,0.000635,0.0005655,0.00058201,5,0.00058289,1,0.00059617,0.00061669,0.00061782,0.00058289,-5.481,6429886,3833.28483451
1517175238607,0.000635,0.0005655,0.00058201,1500,0.00058289,92,0.00059617,0.00061662,0.00061662,0.00058289,-5.47,6429883,3833.2826808
1517175244072,0.000635,0.0005655,0.00058201,1510,0.00058289,92,0.00059617,0.00061782,0.0006178,0.00058289,-5.654,6429335,3832.94467522
1517175250568,0.000635,0.0005655,0.00058201,1505,0.00058289,592,0.00059616,0.0006178,0.00061787,0.00058201,-5.793,6429340,3832.94740617
1517175254961,0.000635,0.0005655,0.00058201,1478,0.00058202,86,0.00059616,0.0006178,0.00061787,0.00058202,-5.792,6429371,3832.96544852
1517175260776,0.000635,0.0005655,0.00058201,1478,0.00058202,86,0.00059616,0.0006178,0.0006178,0.00058202,-5.792,6428972,3832.71894632
1517175267604,0.000635,0.0005655,0.00058201,1658,0.00058202,376,0.00059616,0.0006178,0.0006178,0.00058202,-5.792,6428455,3832.39936482
1517175272029,0.000635,0.0005655,0.00058201,1491,0.00058202,376,0.00059616,0.00061787,0.0006178,0.00058201,-5.804,6428294,3832.29392209
1517175278744,0.000635,0.0005655,0.00058175,138,0.00058201,25,0.00059616,0.00061691,0.00061799,0.00058175,-5.699,6430268,3833.43929253
1517175285301,0.000635,0.0005655,0.00058175,67,0.00058202,80,0.00059615,0.000618,0.00061663,0.00058175,-5.866,6430439,3833.53104236
1517175290923,0.000635,0.0005655,0.00058176,30,0.00058202,76,0.00059615,0.00061794,0.00061675,0.00058202,-5.813,6429751,3833.10575635
1517175296500,0.000635,0.0005655,0.00058176,30,0.00058202,314,0.00059615,0.00061797,0.000618,0.00058202,-5.817,6429632,3833.03221557
1517175302127,0.000635,0.0005655,0.00058176,30,0.00058202,1014,0.00059615,0.00061797,0.00061797,0.00058202,-5.817,6429602,3833.01367647
1517175307303,0.000635,0.0005655,0.00058176,363,0.00058201,513,0.00059615,0.00061797,0.00061797,0.00058176,-5.86,6429654,3833.04247959
1517175312720,0.000635,0.0005655,0.00058176,363,0.00058201,513,0.00059615,0.00061782,0.00061799,0.00058176,-5.837,6429030,3832.65685771
1517175318347,0.000635,0.0005655,0.00058176,220,0.00058202,786,0.00059615,0.00061782,0.00061799,0.00058176,-5.837,6429214,3832.76390565
1517175323577,0.000635,0.0005655,0.00058176,220,0.000582,35,0.00059615,0.000618,0.000618,0.00058176,-5.864,6429088,3832.68604554
1517175328097,0.000635,0.0005655,0.00058176,220,0.000582,35,0.00059615,0.000618,0.000618,0.00058176,-5.864,6429088,3832.68604554
1517175335748,0.000635,0.0005655,0.00058175,95,0.00058176,18,0.00059615,0.000618,0.000618,0.00058176,-5.864,6429274,3832.79302074
1517175340949,0.000635,0.0005655,0.00058176,153,0.000582,35,0.00059615,0.00061799,0.000618,0.00058176,-5.863,6429282,3832.79731242
1517175346689,0.000635,0.0005655,0.00058051,257,0.00058173,16,0.00059615,0.000618,0.0006178,0.00058043,-6.079,6429718,3833.04843387
1517175352299,0.000635,0.0005655,0.00058051,257,0.00058175,4,0.00059615,0.000618,0.000618,0.00058173,-5.869,6429694,3833.03302155
1517175357201,0.000635,0.0005655,0.00058176,47,0.000582,707,0.00059615,0.000618,0.000618,0.00058175,-5.866,6429698,3833.03534855
1517175363338,0.000635,0.0005655,0.00058048,257,0.00058175,16,0.00059614,0.0006178,0.000618,0.00058176,-5.834,6429341,3832.81301927
1517175368979,0.000635,0.0005655,0.00058026,19,0.00058169,241,0.00059614,0.00061675,0.00061675,0.00058169,-5.685,6429647,3832.98294767
1517175374532,0.000635,0.0005655,0.00058037,86,0.00058153,241,0.00059614,0.00061678,0.00061662,0.00058025,-5.923,6429321,3832.75643981
1517175380084,0.000635,0.0005655,0.00058048,25,0.00058147,241,0.00059614,0.00061662,0.00061662,0.00058025,-5.898,6428957,3832.53166553
1517175385806,0.000635,0.0005655,0.00058048,25,0.00058144,241,0.00059614,0.00061678,0.00061779,0.00058025,-5.923,6428865,3832.47484874
1517175391495,0.000635,0.0005655,0.00058065,25,0.00058138,200,0.00059613,0.00061527,0.000615,0.00058137,-5.51,6428334,3832.14538829
1517175396484,0.000635,0.0005655,0.00058015,255,0.0005814,387,0.00059613,0.00061527,0.000615,0.0005814,-5.505,6429453,3832.79513331
1517175402093,0.000635,0.0005655,0.00058015,254,0.00058139,132,0.00059613,0.00061527,0.000615,0.00058139,-5.507,6429894,3833.05152129
1517175407598,0.000635,0.0005655,0.00058022,173,0.00058139,266,0.00059613,0.00061574,0.00061527,0.00058018,-5.775,6429981,3833.10078937
1517175413851,0.000635,0.0005655,0.00058024,255,0.00058139,267,0.00059613,0.00061574,0.00061527,0.00058098,-5.645,6430131,3833.18794241
1517175418406,0.000635,0.0005655,0.00058024,236,0.00058139,247,0.00059613,0.00061574,0.00061527,0.00058139,-5.579,6430170,3833.21059477
1517175424698,0.000635,0.0005655,0.00058024,452,0.00058137,255,0.00059612,0.0006143,0.0006143,0.00058024,-5.545,6428754,3832.32486626
1517175429832,0.000635,0.0005655,0.00058024,272,0.00058137,17,0.00059611,0.00061527,0.00061527,0.00058024,-5.693,6426743,3831.07410488
1517175435688,0.000635,0.0005655,0.00058024,252,0.00058137,17,0.00059611,0.00061527,0.00061527,0.00058024,-5.693,6426743,3831.07340428
1517175440188,0.000635,0.0005655,0.00058024,252,0.00058133,17,0.00059611,0.00061528,0.00061527,0.00058024,-5.695,6426738,3831.07032793
1517175447506,0.000635,0.0005655,0.00058024,186,0.00058133,5,0.00059611,0.00061527,0.00061527,0.00058024,-5.693,6426619,3830.99439096
1517175451955,0.000635,0.0005655,0.00058022,11,0.00058133,19,0.00059611,0.00061527,0.00061527,0.00058024,-5.693,6426603,3830.97659473
1517175458134,0.000635,0.0005655,0.00058022,11,0.00058133,19,0.00059611,0.00061519,0.00061525,0.00058024,-5.681,6426284,3830.78032385
1517175464456,0.000635,0.0005655,0.00058022,11,0.00058131,268,0.00059611,0.00061516,0.00061521,0.00058024,-5.677,6426274,3830.77417183
1517175469938,0.000635,0.0005655,0.00058022,1,0.00058024,27,0.00059611,0.00061509,0.00061516,0.00058022,-5.669,6426267,3830.76951631
1517175474838,0.000635,0.0005655,0.00058023,946,0.0005813,130,0.00059611,0.00061501,0.00061509,0.00058024,-5.654,6426267,3830.76857536
1517175481416,0.000635,0.0005655,0.00058023,942,0.00058024,4536,0.00059611,0.00061521,0.00061521,0.00058024,-5.684,6426753,3831.04354154
1517175486610,0.000635,0.0005655,0.00058023,655,0.00058024,3961,0.00059611,0.00061516,0.00061525,0.00058024,-5.677,6427017,3831.19284007
1517175492489,0.000635,0.0005655,0.00058023,655,0.00058024,3902,0.00059611,0.00061516,0.00061525,0.00058024,-5.677,6427076,3831.22707423
1517175497250,0.000635,0.0005655,0.00058023,655,0.00058024,3874,0.00059611,0.00061515,0.000615,0.00058024,-5.675,6426941,3831.14305643
1517175502189,0.000635,0.0005655,0.00058023,443,0.00058024,3869,0.00059611,0.00061515,0.000615,0.00058024,-5.675,6427158,3831.26896639
1517175507753,0.000635,0.0005655,0.00058022,1,0.00058023,123,0.0005961,0.000615,0.000615,0.00058023,-5.654,6427299,3831.33619636
1517175515086,0.000635,0.0005655,0.00058022,1,0.00058024,3336,0.0005961,0.00061493,0.00061499,0.00058024,-5.641,6428192,3831.84871845
1517175520614,0.000635,0.0005655,0.00058022,1,0.00058024,2622,0.0005961,0.00061493,0.00061499,0.00058024,-5.641,6428906,3832.26300981
1517175526179,0.000635,0.0005655,0.00058022,1,0.00058024,2413,0.0005961,0.00061495,0.00061493,0.00058024,-5.644,6429127,3832.39110409
1517175529868,0.000635,0.0005655,0.0005802,44,0.00058024,2104,0.0005961,0.00061495,0.00061493,0.00058024,-5.644,6429444,3832.57503987
1517175536837,0.000635,0.0005655,0.0005802,44,0.00058024,2071,0.0005961,0.00061495,0.00061493,0.00058024,-5.644,6429477,3832.59418779
1517175542337,0.000635,0.0005655,0.0005802,44,0.00058024,2011,0.0005961,0.00061495,0.00061493,0.00058024,-5.644,6429537,3832.62900219
1517175547995,0.000635,0.0005655,0.0005802,44,0.00058024,1445,0.0005961,0.00061495,0.00061493,0.00058024,-5.644,6430103,3832.95741803
1517175551495,0.000635,0.0005655,0.00058021,5,0.00058024,1445,0.0005961,0.000615,0.00061493,0.00058024,-5.652,6430095,3832.95249851
1517175559305,0.000635,0.0005655,0.0005802,44,0.00058021,25,0.0005961,0.000615,0.000615,0.00058021,-5.657,6430095,3832.95232456
1517175564492,0.000635,0.0005655,0.0005801,288,0.0005802,20,0.0005961,0.000615,0.000615,0.0005802,-5.659,6430144,3832.98075441
1517175570543,0.000635,0.0005655,0.0005801,288,0.0005802,22,0.0005961,0.00061516,0.000615,0.0005802,-5.683,6430072,3832.93480401
1517175576040,0.000635,0.0005655,0.0005801,288,0.0005802,22,0.0005961,0.00061516,0.00061516,0.0005802,-5.683,6430056,3832.92496145
1517175581193,0.000635,0.0005655,0.0005802,87,0.00058021,99,0.0005961,0.000615,0.00061516,0.0005802,-5.659,6430073,3832.93465005
1517175586897,0.000635,0.0005655,0.0005802,87,0.00058021,94,0.00059609,0.00061501,0.00061516,0.00058021,-5.658,6429986,3832.8809703
1517175593590,0.000635,0.0005655,0.0005802,1767,0.00058024,576,0.00059609,0.00061501,0.00061516,0.00058024,-5.654,6431450,3833.73039968
1517175598289,0.000635,0.0005655,0.00058021,5,0.00058024,576,0.00059609,0.00061505,0.000615,0.00058024,-5.66,6431413,3833.70764463
1517175604476,0.000635,0.0005655,0.0005802,1486,0.00058024,293,0.00059609,0.00061505,0.000615,0.0005802,-5.666,6432208,3834.168915
1517175609980,0.000635,0.0005655,0.0005802,1357,0.00058024,269,0.00059609,0.00061515,0.000615,0.0005802,-5.682,6432136,3834.11930331
1517175616084,0.000635,0.0005655,0.0005802,1357,0.00058024,239,0.00059609,0.000615,0.00061515,0.00058024,-5.652,6432162,3834.13407531
1517175621702,0.000635,0.0005655,0.0005802,1356,0.00058024,37,0.00059609,0.00061493,0.00061493,0.00058024,-5.641,6431926,3833.98188321
1517175626717,0.000635,0.0005655,0.00058034,257,0.00058166,9,0.00059609,0.00061493,0.00061493,0.00058166,-5.41,6431983,3834.01498516
1517175632925,0.000635,0.0005655,0.00058043,257,0.00058167,4,0.00059609,0.00061501,0.00061493,0.00058166,-5.423,6431981,3834.0137553
1517175637135,0.000635,0.0005655,0.00058046,257,0.00058175,37,0.00059609,0.00061493,0.00061501,0.00058175,-5.396,6431815,3833.91146376
1517175644033,0.000635,0.0005655,0.00058175,1033,0.00058244,30,0.00059609,0.00061493,0.00061501,0.00058175,-5.396,6431990,3834.01329828
1517175649698,0.000635,0.0005655,0.00058175,644,0.00058244,30,0.00059608,0.000615,0.000615,0.00058175,-5.407,6432356,3834.22545452
1517175655136,0.000635,0.0005655,0.00058175,750,0.00058209,30,0.00059608,0.000615,0.000615,0.00058175,-5.407,6432099,3834.06673452
1517175661146,0.000635,0.0005655,0.00058209,9,0.00058244,30,0.00059608,0.000615,0.000615,0.00058209,-5.351,6432129,3834.08419722
1517175665294,0.000635,0.0005655,0.00058178,4,0.00058244,694,0.00059608,0.000615,0.000615,0.00058178,-5.402,6432179,3834.11328901
1517175672212,0.000635,0.0005655,0.00058178,448,0.00058209,30,0.00059608,0.00061493,0.00061493,0.00058175,-5.396,6430654,3833.17220312
1517175677862,0.000635,0.0005655,0.00058209,2,0.00058244,694,0.00059608,0.000615,0.00061493,0.00058209,-5.351,6430584,3833.12817282
1517175683403,0.000635,0.0005655,0.00058212,33,0.00058244,79,0.00059608,0.00061493,0.000615,0.00058244,-5.284,6431234,3833.50638594
1517175686510,0.000635,0.0005655,0.00058213,5,0.0005827,5,0.00059608,0.00061499,0.00061493,0.00058244,-5.293,6431260,3833.51980741
1517175694798,0.000635,0.0005655,0.0005818,11,0.00058243,17,0.00059608,0.00061499,0.00061499,0.0005818,-5.397,6431288,3833.53571867
1517175699329,0.000635,0.0005655,0.00058209,8,0.00058243,67,0.00059608,0.00061499,0.00061499,0.00058243,-5.294,6431305,3833.54561998
1517175705800,0.000635,0.0005655,0.00058217,254,0.00058352,80,0.00059608,0.00061499,0.00061499,0.00058352,-5.117,6431605,3833.72059798
1517175710585,0.000635,0.0005655,0.00058243,27,0.0005835,5,0.00059608,0.00061493,0.00061493,0.00058352,-5.108,6431545,3833.68370152
1517175716544,0.000635,0.0005655,0.0005835,927,0.00058352,87,0.00059607,0.00061499,0.00061493,0.00058352,-5.117,6430962,3833.32079647
1517175721774,0.000635,0.0005655,0.0005835,6,0.00058352,504,0.00059607,0.00061493,0.00061499,0.0005835,-5.111,6431883,3833.85801115
1517175727683,0.000635,0.0005655,0.0005835,453,0.00058352,15,0.00059607,0.00061493,0.00061493,0.00058352,-5.108,6431957,3833.88815648
1517175733412,0.000635,0.0005655,0.00058352,17,0.000584,545,0.00059607,0.00061493,0.00061493,0.00058367,-5.084,6431940,3833.8770127
1517175738763,0.000635,0.0005655,0.0005835,92,0.00058398,28,0.00059607,0.00061499,0.00061493,0.0005835,-5.12,6432273,3834.06897629
1517175744468,0.000635,0.0005655,0.0005835,131,0.00058398,28,0.00059607,0.00061499,0.00061493,0.0005835,-5.12,6432273,3834.06897629
1517175750851,0.000635,0.0005655,0.00058351,56,0.00058398,28,0.00059607,0.00061493,0.00061527,0.0005835,-5.111,6432057,3833.93611928
1517175755139,0.000635,0.0005655,0.00058351,186,0.00058398,68,0.00059606,0.00061494,0.00061493,0.00058398,-5.035,6431048,3833.31478831
1517175761980,0.000635,0.0005655,0.00058351,181,0.00058398,68,0.00059606,0.00061493,0.00061493,0.00058351,-5.11,6430626,3833.05512977
1517175767116,0.000635,0.0005655,0.0005835,553,0.00058351,7,0.00059606,0.00061493,0.00061493,0.00058351,-5.11,6430677,3833.08488878
1517175772767,0.000635,0.0005655,0.0005835,1900,0.00058351,7,0.00059606,0.00061527,0.00061493,0.0005835,-5.164,6430849,3833.18421359
1517175778220,0.000635,0.0005655,0.0005835,1800,0.00058351,1,0.00059606,0.00061493,0.00061493,0.0005835,-5.111,6430855,3833.18456995
1517175784197,0.000635,0.0005655,0.0005835,1371,0.00058351,1,0.00059606,0.00061494,0.00061493,0.0005835,-5.113,6430747,3833.11815762
1517175789834,0.000635,0.0005655,0.00058351,146,0.00058398,68,0.00059606,0.00061494,0.00061493,0.00058351,-5.111,6431052,3833.29612795
1517175795164,0.000635,0.0005655,0.00058351,100,0.00058398,68,0.00059606,0.00061494,0.00061493,0.00058351,-5.111,6431098,3833.32296941
1517175800542,0.000635,0.0005655,0.0005835,1349,0.00058351,238,0.00059606,0.0006149,0.0006149,0.00058351,-5.105,6430815,3833.14568144
1517175806665,0.000635,0.0005655,0.0005835,1647,0.00058351,1714,0.00059606,0.00061491,0.00061491,0.00058351,-5.106,6430462,3832.92861941
1517175811851,0.000635,0.0005655,0.0005835,1536,0.00058351,1359,0.00059606,0.00061491,0.00061491,0.0005835,-5.108,6430933,3833.20345146
1517175817877,0.000635,0.0005655,0.0005835,1551,0.00058351,1239,0.00059606,0.0006149,0.00061491,0.00058351,-5.105,6430937,3833.2021431
1517175822293,0.000635,0.0005655,0.0005835,1193,0.00058351,1234,0.00059606,0.0006149,0.0006149,0.00058351,-5.105,6431417,3833.48197195
1517175828809,0.000635,0.0005655,0.0005835,1153,0.00058351,234,0.00059605,0.0006149,0.0006149,0.0005835,-5.107,6432457,3834.08882195
1517175834528,0.000635,0.0005655,0.0005835,1091,0.00058351,61,0.00059605,0.0006149,0.0006149,0.00058351,-5.105,6432560,3834.14477938
1517175838239,0.000635,0.0005655,0.0005835,187,0.00058351,61,0.00059605,0.0006149,0.0006149,0.0005835,-5.107,6433471,3834.67609668
1517175845714,0.000635,0.0005655,0.00058213,257,0.0005835,682,0.00059605,0.00061491,0.00061491,0.0005835,-5.108,6434122,3835.05484115
1517175851211,0.000635,0.0005655,0.00058218,4,0.00058349,3,0.00059605,0.00061491,0.00061491,0.00058349,-5.11,6434138,3835.06414541
1517175856454,0.000635,0.0005655,0.00058223,257,0.0005835,825,0.00059605,0.00061491,0.0006149,0.0005835,-5.108,6434141,3835.06498509
1517175862461,0.000635,0.0005655,0.00058224,5,0.0005835,825,0.00059605,0.00061491,0.0006149,0.0005835,-5.108,6434141,3835.06498509
1517175867925,0.000635,0.0005655,0.00058224,5,0.0005835,821,0.00059605,0.00061491,0.0006149,0.0005835,-5.108,6434145,3835.06731909
1517175873665,0.000635,0.0005655,0.00058227,5,0.0005834,4,0.00059604,0.00061491,0.00061491,0.00058345,-5.116,6436029,3836.16289674
1517175878489,0.000635,0.0005655,0.00058227,5,0.00058338,197,0.00059604,0.00061491,0.00061491,0.00058345,-5.116,6436029,3836.16289674
1517175884303,0.000635,0.0005655,0.00058223,518,0.00058335,193,0.00059604,0.00061536,0.00061536,0.00058227,-5.377,6435998,3836.14353036
1517175890651,0.000635,0.0005655,0.00058223,504,0.00058335,193,0.00059604,0.00061536,0.00061536,0.00058223,-5.384,6436012,3836.15168158
1517175896128,0.000635,0.0005655,0.00058223,32,0.00058329,169,0.00059604,0.00061536,0.00061536,0.00058331,-5.208,6436457,3836.40856588
1517175901109,0.000635,0.0005655,0.00058223,181,0.00058338,11,0.00059604,0.00061544,0.00061536,0.00058338,-5.209,6436609,3836.49664879
1517175906820,0.000635,0.0005655,0.00058223,181,0.00058338,10,0.00059604,0.00061676,0.00061678,0.00058338,-5.412,6436568,3836.47082387
1517175912668,0.000635,0.0005655,0.00058223,181,0.00058331,410,0.00059604,0.00061676,0.00061678,0.00058331,-5.424,6436821,3836.61840122
1517175919560,0.000635,0.0005655,0.00058223,836,0.00058331,100,0.00059604,0.00061678,0.00061544,0.00058331,-5.427,6437392,3836.95055962
1517175925258,0.000635,0.0005655,0.00058223,836,0.00058331,24,0.00059604,0.00061552,0.00061678,0.00058331,-5.233,6437452,3836.98478841
1517175929096,0.000635,0.0005655,0.00058225,1000,0.00058331,24,0.00059604,0.00061552,0.00061552,0.00058331,-5.233,6437406,3836.95647449
1517175935634,0.000635,0.0005655,0.00058225,1000,0.00058333,43,0.00059604,0.00061552,0.00061552,0.00058333,-5.23,6437490,3837.00546242
1517175941857,0.000635,0.0005655,0.00058225,972,0.00058333,28,0.00059604,0.00061552,0.00061552,0.00058333,-5.23,6437550,3837.04042748
1517175947726,0.000635,0.0005655,0.0005823,269,0.0005835,1170,0.00059604,0.00061552,0.00061552,0.0005835,-5.202,6437800,3837.18629554
1517175953056,0.000635,0.0005655,0.00058291,26,0.00058339,253,0.00059603,0.00061552,0.00061552,0.00058175,-5.486,6442139,3839.70922982
1517175959047,0.000635,0.0005655,0.00058291,26,0.00058331,21,0.00059603,0.00061669,0.00061552,0.00058175,-5.666,6442101,3839.68584006
1517175964145,0.000635,0.0005655,0.00058226,7,0.00058326,213,0.00059603,0.00061554,0.00061669,0.00058326,-5.244,6442138,3839.70675242
1517175970032,0.000635,0.0005655,0.00058193,256,0.00058347,9,0.00059603,0.00061554,0.00061669,0.00058175,-5.489,6442812,3840.09965428
1517175975679,0.000635,0.0005655,0.00058251,10,0.00058348,62,0.00059603,0.00061669,0.00061552,0.00058348,-5.385,6442870,3840.12972287
