1517174953269,0.02905,0.027574,0.027779,6.995,0.027866,0.699,0.02825366,0.028733,0.028732,0.027866,-3.017,12590.317,355.72256763
1517174956143,0.02905,0.027574,0.027779,6.995,0.027866,0.699,0.02825366,0.028733,0.028732,0.027866,-3.017,12590.317,355.72256763
1517174961672,0.02905,0.027574,0.027779,6.995,0.027866,0.699,0.02825366,0.028733,0.028732,0.027866,-3.017,12590.317,355.72256763
1517174966746,0.02905,0.027574,0.027779,6.995,0.027866,0.341,0.02825364,0.028733,0.028733,0.027866,-3.017,12590.45,355.72607873
1517174975625,0.02905,0.027574,0.027779,6.57,0.027865,0.425,0.02825363,0.028733,0.028733,0.027779,-3.32,12590.875,355.7378848
1517174979839,0.02905,0.027574,0.027779,6.57,0.027863,0.425,0.02825363,0.028733,0.028733,0.027779,-3.32,12590.875,355.7378848
1517174986852,0.02905,0.027574,0.027768,6.74,0.027861,0.425,0.02825362,0.028733,0.028733,0.027779,-3.32,12590.673,355.73208074
1517174992682,0.02905,0.027574,0.027771,8.72,0.027859,0.425,0.02825362,0.028733,0.028733,0.027779,-3.32,12590.673,355.73208074
1517174998048,0.02905,0.027574,0.027771,1.98,0.027858,0.7,0.02825358,0.028733,0.028733,0.027779,-3.32,12589.655,355.70283055
1517175002013,0.02905,0.027574,0.027772,6.739,0.027857,0.425,0.02825358,0.028733,0.028733,0.027779,-3.32,12589.536,355.69941133
1517175008423,0.02905,0.027574,0.027773,0.7,0.027856,0.7,0.02825355,0.028734,0.028733,0.027857,-3.052,12589.494,355.69789093
1517175009641,0.02905,0.027574,0.027773,0.7,0.027856,0.7,0.02825355,0.028734,0.028733,0.027857,-3.052,12589.494,355.69789093
1517175017444,0.02905,0.027574,0.027773,0.7,0.027856,0.7,0.02825355,0.028734,0.028733,0.027857,-3.052,12589.494,355.69789093
1517175026086,0.02905,0.027574,0.027768,7.098,0.027773,0.203,0.02825354,0.028734,0.028733,0.027773,-3.344,12589.611,355.70114037
1517175030740,0.02905,0.027574,0.027769,7.098,0.027863,1.98,0.02825354,0.028734,0.028733,0.027773,-3.344,12589.814,355.70677828
1517175037248,0.02905,0.027574,0.027771,7.098,0.027863,1.98,0.02825354,0.028734,0.028733,0.027773,-3.344,12589.814,355.70677828
1517175042339,0.02905,0.027574,0.027774,7.097,0.027862,0.7,0.02825354,0.028734,0.028733,0.027773,-3.344,12589.814,355.70677828
1517175047043,0.02905,0.027574,0.027776,7.096,0.027862,0.662,0.02825354,0.028734,0.028733,0.027862,-3.035,12589.852,355.70783703
1517175054718,0.02905,0.027574,0.027777,0.036,0.027863,1.98,0.02825351,0.028734,0.028733,0.027777,-3.331,12590.516,355.72628095
1517175059638,0.02905,0.027574,0.027777,6.602,0.027862,0.561,0.02825349,0.028734,0.028733,0.027777,-3.331,12591.046,355.74100275
1517175065616,0.02905,0.027574,0.027778,0.7,0.027862,0.561,0.02825349,0.028734,0.028733,0.027777,-3.331,12591.046,355.74100275
1517175071546,0.02905,0.027574,0.027778,0.2,0.027863,1.825,0.02825345,0.028734,0.028733,0.027863,-3.031,12592.262,355.77484108
1517175076250,0.02905,0.027574,0.027779,1.98,0.027863,1.825,0.02825345,0.028734,0.028733,0.027863,-3.031,12592.262,355.77484108
1517175082777,0.02905,0.027574,0.0277,0.452,0.027862,8,0.02825196,0.028734,0.028733,0.027576,-4.03,12627.434,356.74970813
1517175087944,0.02905,0.027574,0.0277,0.452,0.027858,11.565,0.02825196,0.028734,0.028733,0.027576,-4.03,12627.434,356.74970813
1517175093320,0.02905,0.027574,0.027777,0.063,0.027856,1.585,0.02825193,0.028753,0.028734,0.027857,-3.116,12628.079,356.76760959
1517175099222,0.02905,0.027574,0.027702,0.882,0.027772,1.017,0.02825159,0.028753,0.028734,0.027777,-3.394,12638.909,357.06930055
1517175104591,0.02905,0.027574,0.027703,78.245,0.027772,0.861,0.02825159,0.028753,0.028734,0.027772,-3.412,12639.065,357.07363298
1517175110611,0.02905,0.027574,0.027772,1.139,0.027852,5.545,0.02825155,0.028753,0.028734,0.027772,-3.412,12639.926,357.09754467
1517175116207,0.02905,0.027574,0.027801,0.7,0.027852,3.565,0.02825155,0.02875,0.028753,0.027772,-3.402,12639.769,357.09303045
1517175120982,0.02905,0.027574,0.027801,0.002,0.027852,3.565,0.02825152,0.02875,0.028753,0.027801,-3.301,12640.467,357.11243554
1517175127000,0.02905,0.027574,0.027801,0.002,0.027852,3.565,0.02825152,0.02875,0.028753,0.027801,-3.301,12640.467,357.11243554
1517175132145,0.02905,0.027574,0.027773,0.395,0.027801,0.113,0.02825147,0.028778,0.028721,0.027773,-3.492,12639.88,357.09517881
1517175138354,0.02905,0.027574,0.027801,1.887,0.027852,3.098,0.02825145,0.028778,0.028721,0.027852,-3.218,12640.352,357.10831918
1517175143215,0.02905,0.027574,0.027802,0.7,0.027852,1.154,0.02825144,0.028778,0.028721,0.027829,-3.298,12640.87,357.12274285
1517175149054,0.02905,0.027574,0.027802,0.7,0.027852,21.154,0.02825141,0.028774,0.028778,0.027829,-3.284,12640.171,357.10262703
1517175155187,0.02905,0.027574,0.027802,0.7,0.027852,1.154,0.02825139,0.028722,0.028774,0.027829,-3.109,12639.824,357.09264246
1517175160127,0.02905,0.027574,0.027802,0.7,0.027829,3.541,0.02825139,0.028722,0.028774,0.027829,-3.109,12639.824,357.09264246
1517175165599,0.02905,0.027574,0.027802,0.7,0.027829,3.541,0.02825139,0.028722,0.028774,0.027829,-3.109,12639.824,357.09264246
1517175172146,0.02905,0.027574,0.027802,0.7,0.027829,3.541,0.02825139,0.028722,0.028774,0.027829,-3.109,12639.824,357.09264246
1517175177542,0.02905,0.027574,0.027802,0.7,0.027829,2.541,0.02825136,0.028722,0.028774,0.027829,-3.109,12640.824,357.12047146
1517175183612,0.02905,0.027574,0.027802,0.7,0.027829,2.541,0.02825136,0.028722,0.028774,0.027829,-3.109,12640.824,357.12047146
1517175188746,0.02905,0.027574,0.027802,0.7,0.027829,2.541,0.02825136,0.028722,0.028774,0.027829,-3.109,12640.824,357.12047146
1517175194408,0.02905,0.027574,0.027802,0.7,0.027829,1.823,0.02825128,0.02873,0.028722,0.027829,-3.136,12639.981,357.09561764
1517175199246,0.02905,0.027574,0.027802,0.7,0.027829,1.823,0.02825128,0.02873,0.028722,0.027829,-3.136,12639.981,357.09561764
1517175205880,0.02905,0.027574,0.027802,0.7,0.027829,1.823,0.02825124,0.028758,0.028722,0.027829,-3.23,12639.096,357.07019467
1517175209389,0.02905,0.027574,0.027802,0.7,0.027829,0.464,0.0282512,0.028758,0.028722,0.027829,-3.23,12640.455,357.10801428
1517175216914,0.02905,0.027574,0.027802,0.7,0.027829,0.105,0.02825119,0.028758,0.028722,0.027829,-3.23,12640.814,357.11800489
1517175222934,0.02905,0.027574,0.027802,0.7,0.027829,0.105,0.02825119,0.028758,0.028722,0.027829,-3.23,12640.814,357.11800489
1517175228300,0.02905,0.027574,0.027803,0.04,0.027852,2.328,0.02825118,0.028758,0.028722,0.027852,-3.15,12641.173,357.12800133
1517175232976,0.02905,0.027574,0.027803,0.04,0.027852,1.969,0.02825106,0.028774,0.028759,0.027852,-3.204,12639.038,357.06627704
1517175239141,0.02905,0.027574,0.027804,0.039,0.027852,1.969,0.02825106,0.028774,0.028759,0.027852,-3.204,12639.038,357.06627704
1517175245009,0.02905,0.027574,0.027804,0.039,0.027852,0.969,0.02825103,0.028774,0.028759,0.027852,-3.204,12640.038,357.09412903
1517175250605,0.02905,0.027574,0.027804,0.039,0.027854,1.98,0.02825103,0.02873,0.028774,0.027852,-3.056,12640.002,357.09309317
1517175256187,0.02905,0.027574,0.027829,0.002,0.027854,1.98,0.02825099,0.028722,0.02873,0.027829,-3.109,12639.179,357.0692889
1517175260121,0.02905,0.027574,0.027829,0.002,0.027854,1.98,0.02825099,0.028722,0.02873,0.027829,-3.109,12639.179,357.0692889
1517175267264,0.02905,0.027574,0.027829,0.002,0.027854,1.135,0.02825096,0.028722,0.02873,0.027854,-3.022,12640.024,357.09282553
1517175272422,0.02905,0.027574,0.027801,6.931,0.027854,0.776,0.02825087,0.028761,0.028771,0.027801,-3.338,12641.656,357.13782137
1517175278041,0.02905,0.027574,0.027802,0.7,0.027857,0.058,0.02825074,0.028761,0.028771,0.027801,-3.338,12645.535,357.2457553
1517175283345,0.02905,0.027574,0.027802,0.7,0.027852,0.292,0.02825072,0.028761,0.028771,0.027852,-3.161,12646.192,357.26405925
1517175290052,0.02905,0.027574,0.027802,0.7,0.027852,0.292,0.02825072,0.028761,0.028771,0.027852,-3.161,12646.192,357.26405925
1517175295887,0.02905,0.027574,0.027801,3.735,0.027852,0.292,0.02825066,0.028761,0.028771,0.027801,-3.338,12647.927,357.31229468
1517175301508,0.02905,0.027574,0.027802,0.7,0.027852,0.373,0.02825065,0.028759,0.028761,0.027852,-3.154,12648.189,357.31950373
1517175306202,0.02905,0.027574,0.027802,0.7,0.027852,0.373,0.02825064,0.028754,0.028759,0.027852,-3.137,12648.094,357.31677163
1517175312496,0.02905,0.027574,0.027802,0.7,0.027866,2.022,0.02825061,0.028754,0.028759,0.027866,-3.088,12649.094,357.3446324
1517175317172,0.02905,0.027574,0.027802,0.7,0.027866,2.022,0.02825061,0.028754,0.028759,0.027866,-3.088,12649.094,357.3446324
1517175323625,0.02905,0.027574,0.027802,0.7,0.027872,2.266,0.02825028,0.028754,0.028754,0.027872,-3.067,12659.919,357.64625583
1517175327261,0.02905,0.027574,0.027802,0.7,0.027863,0.7,0.02825028,0.028754,0.028754,0.027872,-3.067,12659.919,357.64625583
1517175334175,0.02905,0.027574,0.027803,31.226,0.027863,0.7,0.02825028,0.028754,0.028754,0.027872,-3.067,12659.919,357.64625583
1517175340559,0.02905,0.027574,0.027803,31.226,0.027863,0.146,0.02825026,0.028754,0.028754,0.027863,-3.099,12660.473,357.66169192
1517175346316,0.02905,0.027574,0.027804,0.7,0.027863,0.146,0.02825025,0.028754,0.028754,0.027862,-3.102,12660.831,357.67166651
1517175351742,0.02905,0.027574,0.027804,0.7,0.027866,0.099,0.02825025,0.028754,0.028754,0.027862,-3.102,12660.831,357.67166651
1517175357242,0.02905,0.027574,0.027866,16.401,0.027871,0.7,0.02825025,0.028754,0.028754,0.027866,-3.088,12660.93,357.67442524
1517175362892,0.02905,0.027574,0.027866,16.401,0.027872,2.266,0.02825025,0.028754,0.028754,0.027866,-3.088,12660.93,357.67442524
1517175368423,0.02905,0.027574,0.027866,16.401,0.027872,2.266,0.02825025,0.028754,0.028754,0.027866,-3.088,12660.93,357.67442524
1517175373546,0.02905,0.027574,0.027866,16.401,0.027879,0.13,0.02825015,0.028754,0.028754,0.027879,-3.043,12664.196,357.76546091
1517175379574,0.02905,0.027574,0.027804,0.7,0.027878,20.604,0.02824962,0.028754,0.028754,0.027878,-3.047,12681.692,358.25296514
1517175384148,0.02905,0.027574,0.027804,0.7,0.027876,20,0.02824961,0.028754,0.028754,0.027877,-3.05,12682.103,358.26442258
1517175390640,0.02905,0.027574,0.027804,0.7,0.027876,20,0.02824961,0.028754,0.028754,0.027877,-3.05,12682.103,358.26442258
1517175394925,0.02905,0.027574,0.027804,0.7,0.027875,0.342,0.0282496,0.028754,0.028754,0.027875,-3.057,12682.461,358.27440183
1517175402264,0.02905,0.027574,0.027864,0.106,0.027875,0.7,0.02824949,0.028722,0.028754,0.027864,-2.987,12681.085,358.23417708
1517175407345,0.02905,0.027574,0.027864,0.106,0.027875,0.7,0.02824949,0.028722,0.028754,0.027864,-2.987,12681.085,358.23417708
1517175411595,0.02905,0.027574,0.027804,0.546,0.027875,0.7,0.02824948,0.028722,0.028754,0.027804,-3.196,12681.345,358.24141247
1517175420146,0.02905,0.027574,0.027804,0.546,0.027875,0.7,0.02824948,0.028722,0.028754,0.027804,-3.196,12681.345,358.24141247
1517175424484,0.02905,0.027574,0.027804,0.546,0.027875,0.7,0.02824948,0.028722,0.028754,0.027804,-3.196,12681.345,358.24141247
1517175431326,0.02905,0.027574,0.027805,0.825,0.027875,0.7,0.02824948,0.028722,0.028754,0.027804,-3.196,12681.345,358.24141247
1517175436852,0.02905,0.027574,0.027805,0.825,0.027875,0.7,0.02824948,0.028722,0.028754,0.027804,-3.196,12681.345,358.24141247
1517175439468,0.02905,0.027574,0.027806,0.7,0.027879,0.13,0.02824948,0.028722,0.028754,0.027804,-3.196,12681.345,358.24141247
1517175445721,0.02905,0.027574,0.027806,0.7,0.027879,0.13,0.02824948,0.028722,0.028754,0.027804,-3.196,12681.345,358.24141247
1517175451646,0.02905,0.027574,0.027806,0.7,0.027878,20,0.02824948,0.028722,0.028754,0.027804,-3.196,12681.345,358.24141247
1517175459141,0.02905,0.027574,0.027806,0.7,0.027877,0.7,0.02824948,0.028722,0.028754,0.027804,-3.196,12681.345,358.24141247
1517175464747,0.02905,0.027574,0.027875,0.081,0.027877,0.7,0.02824948,0.028722,0.028754,0.027804,-3.196,12681.345,358.24141247
1517175467690,0.02905,0.027574,0.027806,0.531,0.027877,0.7,0.02824947,0.028722,0.028754,0.027806,-3.189,12681.595,358.24836955
1517175475947,0.02905,0.027574,0.027805,0.825,0.027877,0.7,0.02824947,0.028722,0.028754,0.027806,-3.189,12681.595,358.24836955
1517175480627,0.02905,0.027574,0.027805,0.825,0.027877,0.7,0.02824945,0.028731,0.028722,0.027806,-3.22,12680.924,358.22909709
1517175486800,0.02905,0.027574,0.027806,0.7,0.027877,0.7,0.02824945,0.028731,0.028722,0.027806,-3.22,12680.924,358.22909709
1517175491387,0.02905,0.027574,0.027805,0.825,0.027877,0.7,0.02824942,0.028731,0.028722,0.027806,-3.22,12681.624,358.24856128
1517175497174,0.02905,0.027574,0.027803,30.527,0.027805,0.384,0.02824939,0.028731,0.028722,0.027805,-3.223,12682.449,358.2715004
1517175503142,0.02905,0.027574,0.027803,30.527,0.027805,0.103,0.02824938,0.028731,0.028722,0.027805,-3.223,12682.73,358.2793136
1517175510107,0.02905,0.027574,0.027833,1,0.027872,0.7,0.02824933,0.028731,0.028722,0.027805,-3.223,12684.172,358.3194084
1517175514731,0.02905,0.027574,0.027803,28.745,0.02787,0.342,0.02824921,0.028731,0.028722,0.02787,-2.997,12687.87,358.42227899
1517175520854,0.02905,0.027574,0.027803,28.519,0.027869,2,0.0282492,0.028731,0.028722,0.027803,-3.23,12688.096,358.42856246
1517175526787,0.02905,0.027574,0.027803,28.519,0.027869,2,0.02824919,0.028731,0.028731,0.027803,-3.23,12687.776,358.41936854
1517175531518,0.02905,0.027574,0.027803,28.519,0.027868,0.7,0.02824919,0.028731,0.028731,0.027803,-3.23,12687.776,358.41936854
1517175537866,0.02905,0.027574,0.027803,28.519,0.027868,0.7,0.02824919,0.028731,0.028731,0.027803,-3.23,12687.776,358.41936854
1517175542341,0.02905,0.027574,0.027803,28.519,0.027868,0.7,0.02824919,0.028731,0.028731,0.027803,-3.23,12687.776,358.41936854
1517175548589,0.02905,0.027574,0.027803,28.041,0.027868,0.7,0.02824917,0.028731,0.028731,0.027803,-3.23,12688.254,358.43265837
1517175554075,0.02905,0.027574,0.027803,27.073,0.027868,0.7,0.02824914,0.028731,0.028731,0.027803,-3.23,12689.222,358.45957166
1517175557324,0.02905,0.027574,0.027803,27.073,0.027868,0.342,0.02824913,0.028731,0.028731,0.027868,-3.004,12689.58,358.4695484
1517175565656,0.02905,0.027574,0.027803,27.073,0.027868,0.342,0.02824913,0.028731,0.028731,0.027868,-3.004,12689.58,358.4695484
1517175570498,0.02905,0.027574,0.027803,27.073,0.027868,0.342,0.02824912,0.028731,0.028731,0.027868,-3.004,12689.33,358.46236565
1517175575476,0.02905,0.027574,0.027804,0.7,0.027868,0.7,0.02824909,0.028731,0.028731,0.027869,-3,12689.31,358.46148209
1517175582763,0.02905,0.027574,0.027804,0.7,0.027868,0.7,0.02824909,0.028731,0.028731,0.027869,-3,12689.31,358.46148209
1517175583269,0.02905,0.027574,0.027804,0.7,0.027868,0.342,0.02824908,0.028731,0.028731,0.027868,-3.004,12689.668,358.47145883
1517175591265,0.02905,0.027574,0.027803,27.073,0.027868,0.342,0.02824908,0.028731,0.028731,0.027868,-3.004,12689.668,358.47145883
1517175599819,0.02905,0.027574,0.027803,27.073,0.027868,0.342,0.02824908,0.028731,0.028731,0.027868,-3.004,12689.668,358.47145883
1517175604965,0.02905,0.027574,0.027803,27.073,0.027868,0.342,0.02824908,0.028731,0.028731,0.027868,-3.004,12689.668,358.47145883
1517175611195,0.02905,0.027574,0.027803,27.073,0.027869,1.721,0.02824905,0.028749,0.028731,0.027869,-3.061,12689.943,358.47883799
1517175616758,0.02905,0.027574,0.02781,6.12,0.027869,1,0.02824905,0.028749,0.028731,0.027869,-3.061,12689.943,358.47883799
1517175621074,0.02905,0.027574,0.02781,6.12,0.027868,0.7,0.02824904,0.028742,0.028749,0.027869,-3.037,12690.261,358.48766513
1517175626976,0.02905,0.027574,0.02781,6.12,0.027866,0.7,0.02824904,0.028742,0.028749,0.027869,-3.037,12690.261,358.48766513
1517175633862,0.02905,0.027574,0.02781,6.12,0.027866,0.7,0.02824904,0.028742,0.028749,0.027869,-3.037,12690.261,358.48766513
1517175638898,0.02905,0.027574,0.02781,6.12,0.027866,0.7,0.02824904,0.028742,0.028749,0.027869,-3.037,12690.261,358.48766513
1517175644300,0.02905,0.027574,0.02781,6.12,0.027866,0.7,0.02824904,0.028742,0.028749,0.027869,-3.037,12690.261,358.48766513
1517175656008,0.02905,0.027574,0.02781,6.12,0.027865,21,0.02824904,0.028742,0.028749,0.027869,-3.037,12690.261,358.48766513
1517175661068,0.02905,0.027574,0.02781,6.12,0.027865,21,0.02824904,0.028742,0.028749,0.027869,-3.037,12690.261,358.48766513
1517175667290,0.02905,0.027574,0.02781,6.12,0.027864,0.342,0.02824903,0.028742,0.028749,0.027864,-3.055,12690.619,358.49764044
1517175673058,0.02905,0.027574,0.027803,16.218,0.02781,0.334,0.02824837,0.028749,0.028742,0.027803,-3.291,12705.927,358.92172627
1517175677955,0.02905,0.027574,0.027803,16.218,0.02781,0.334,0.02824837,0.028749,0.028742,0.027803,-3.291,12705.927,358.92172627
1517175684223,0.02905,0.027574,0.027803,16.218,0.02787,1.977,0.02824835,0.028749,0.028742,0.02787,-3.057,12706.645,358.94171689
1517175686655,0.02905,0.027574,0.027803,16.218,0.027869,20.791,0.02824834,0.028749,0.028742,0.027869,-3.061,12706.854,358.94754151
1517175695235,0.02905,0.027574,0.027803,16.218,0.027868,0.7,0.02824834,0.028749,0.028742,0.027869,-3.061,12706.854,358.94754151
1517175700914,0.02905,0.027574,0.027803,15.156,0.027868,0.7,0.0282483,0.028749,0.028742,0.027803,-3.291,12707.916,358.97706829
1517175703245,0.02905,0.027574,0.027803,15.156,0.027868,0.7,0.0282483,0.028749,0.028742,0.027803,-3.291,12707.916,358.97706829
1517175711817,0.02905,0.027574,0.027803,15.156,0.027868,0.7,0.02824828,0.028749,0.028732,0.027803,-3.291,12707.216,358.95694909
1517175716457,0.02905,0.027574,0.027803,15.156,0.027868,0.342,0.02824827,0.028749,0.028732,0.027868,-3.064,12707.574,358.96692583
1517175723757,0.02905,0.027574,0.027803,15.156,0.027868,0.342,0.02824827,0.028749,0.028732,0.027868,-3.064,12707.574,358.96692583
1517175729469,0.02905,0.027574,0.027803,15.156,0.027868,0.342,0.02824827,0.028749,0.028732,0.027868,-3.064,12707.574,358.96692583
1517175732589,0.02905,0.027574,0.027803,15.156,0.027868,0.342,0.02824827,0.028749,0.028732,0.027868,-3.064,12707.574,358.96692583
1517175739663,0.02905,0.027574,0.027803,15.156,0.02787,1.961,0.02824825,0.028749,0.028732,0.02787,-3.057,12707.932,358.9769026
1517175741770,0.02905,0.027574,0.027803,15.156,0.02787,1.961,0.02824825,0.028749,0.028732,0.02787,-3.057,12707.932,358.9769026
1517175751948,0.02905,0.027574,0.027803,15.156,0.027869,0.7,0.02824824,0.028749,0.028749,0.02787,-3.057,12707.585,358.9669267
1517175756518,0.02905,0.027574,0.027803,15.156,0.027869,20.7,0.02824824,0.028749,0.028749,0.02787,-3.057,12707.585,358.9669267
1517175759774,0.02905,0.027574,0.027803,15.156,0.027869,0.7,0.02824824,0.028749,0.028749,0.02787,-3.057,12707.585,358.9669267
1517175767821,0.02905,0.027574,0.027803,15.156,0.027869,0.7,0.02824824,0.028749,0.028749,0.02787,-3.057,12707.585,358.9669267
1517175772178,0.02905,0.027574,0.027803,8.509,0.027869,0.066,0.02824799,0.028749,0.028749,0.027869,-3.061,12714.866,359.16940218
1517175777904,0.02905,0.027574,0.027803,8.509,0.02787,0.852,0.02824792,0.028749,0.028749,0.02787,-3.057,12715.041,359.17340037
1517175784690,0.02905,0.027574,0.027868,0.218,0.02787,0.852,0.02824792,0.028749,0.028749,0.02787,-3.057,12715.041,359.17340037
1517175790769,0.02905,0.027574,0.027869,0.108,0.02787,0.494,0.0282479,0.028749,0.028749,0.02787,-3.057,12715.399,359.18337783
1517175792983,0.02905,0.027574,0.027869,0.108,0.02787,0.494,0.0282479,0.028749,0.028749,0.02787,-3.057,12715.399,359.18337783
1517175802194,0.02905,0.027574,0.027869,0.108,0.02787,0.494,0.02824789,0.028749,0.028749,0.02787,-3.057,12714.98,359.171332
1517175807507,0.02905,0.027574,0.027869,0.108,0.02787,0.494,0.02824789,0.028749,0.028749,0.02787,-3.057,12714.98,359.171332
1517175810365,0.02905,0.027574,0.027869,0.108,0.02787,0.494,0.02824789,0.028749,0.028749,0.02787,-3.057,12714.98,359.171332
1517175819018,0.02905,0.027574,0.027869,0.108,0.02787,0.136,0.02824788,0.028749,0.028749,0.02787,-3.057,12715.338,359.18130946
1517175824069,0.02905,0.027574,0.027869,0.108,0.027878,19.778,0.02824787,0.028749,0.028749,0.027878,-3.03,12715.696,359.19128869
1517175827742,0.02905,0.027574,0.027869,0.108,0.027878,12.608,0.02824766,0.028749,0.028749,0.027878,-3.03,12722.866,359.39117395
1517175836095,0.02905,0.027574,0.027869,0.108,0.027878,11.83,0.0282476,0.028749,0.028749,0.027878,-3.03,12722.644,359.38411403
1517175841711,0.02905,0.027574,0.027869,0.108,0.027879,0.13,0.0282476,0.028749,0.028749,0.027878,-3.03,12722.644,359.38411403
1517175846555,0.02905,0.027574,0.027869,0.108,0.027879,0.13,0.0282476,0.028749,0.028749,0.027878,-3.03,12722.644,359.38411403
1517175847277,0.02905,0.027574,0.027869,0.108,0.027879,0.13,0.0282476,0.028749,0.028749,0.027878,-3.03,12722.644,359.38411403
1517175857484,0.02905,0.027574,0.027869,0.108,0.027879,0.13,0.0282476,0.028749,0.028749,0.027878,-3.03,12722.614,359.38325156
1517175861953,0.02905,0.027574,0.027869,0.108,0.027879,0.13,0.0282476,0.028749,0.028749,0.027878,-3.03,12722.614,359.38325156
1517175867864,0.02905,0.027574,0.027878,0.246,0.027886,0.114,0.02824746,0.028779,0.028779,0.027878,-3.131,12725.395,359.46003383
1517175875108,0.02905,0.027574,0.027804,0.556,0.027836,0.428,0.0282474,0.028809,0.02881,0.027868,-3.266,12724.966,359.44715624
1517175880437,0.02905,0.027574,0.027804,0.556,0.027887,2.152,0.0282474,0.028809,0.02881,0.027868,-3.266,12724.966,359.44715624
1517175885370,0.02905,0.027574,0.027804,0.556,0.027887,2.152,0.0282474,0.028809,0.02881,0.027868,-3.266,12724.966,359.44715624
1517175889277,0.02905,0.027574,0.027804,0.556,0.027886,0.7,0.02824737,0.028778,0.028809,0.027868,-3.162,12724.36,359.42969799
1517175896300,0.02905,0.027574,0.027804,0.556,0.027886,0.342,0.02824736,0.028778,0.028778,0.027886,-3.1,12724.617,359.4367746
1517175902893,0.02905,0.027574,0.027886,0.001,0.027887,1.794,0.02824728,0.0288,0.028778,0.027886,-3.174,12726.873,359.49959568
1517175908955,0.02905,0.027574,0.027804,0.556,0.027886,0.699,0.02824728,0.0288,0.028778,0.027886,-3.174,12726.874,359.49962356
1517175913830,0.02905,0.027574,0.027804,0.556,0.027886,0.699,0.02824728,0.0288,0.028778,0.027886,-3.174,12726.874,359.49962356
1517175916479,0.02905,0.027574,0.027804,0.556,0.027887,1.713,0.02824726,0.0288,0.028778,0.027887,-3.17,12727.654,359.52137471
1517175925729,0.02905,0.027574,0.027804,0.556,0.027886,0.7,0.02824726,0.0288,0.028778,0.027887,-3.17,12727.654,359.52137471
1517175930824,0.02905,0.027574,0.027805,0.573,0.027887,0.055,0.0282472,0.0288,0.028778,0.027887,-3.17,12730.012,359.58713155
1517175935824,0.02905,0.027574,0.027805,0.573,0.027887,0.055,0.02824719,0.02881,0.0288,0.027887,-3.204,12729.977,359.58612355
1517175942377,0.02905,0.027574,0.027806,7.156,0.027893,1.677,0.02824718,0.02881,0.0288,0.027893,-3.183,12730.335,359.5961089
1517175948111,0.02905,0.027574,0.027806,7.156,0.027894,0.7,0.02824717,0.02881,0.0288,0.027893,-3.183,12730.693,359.60609459
1517175953643,0.02905,0.027574,0.027806,6.599,0.027894,0.342,0.02824714,0.02881,0.0288,0.027806,-3.485,12731.608,359.63156858
1517175958443,0.02905,0.027574,0.027808,6.975,0.027896,0.327,0.02824707,0.02881,0.02881,0.027808,-3.478,12733.996,359.69811733
1517175964042,0.02905,0.027574,0.027808,6.975,0.027893,0.327,0.02824707,0.02881,0.02881,0.027808,-3.478,12733.996,359.69811733
1517175969750,0.02905,0.027574,0.027809,0.7,0.027891,0.417,0.02824707,0.02881,0.02881,0.027808,-3.478,12733.996,359.69811733
1517175976037,0.02905,0.027574,0.027809,0.7,0.02789,0.7,0.02824707,0.02881,0.02881,0.027808,-3.478,12733.996,359.69811733
