1517174952932,0.040353,0.039,0.03994,4.754,0.039985,1.154,0.03970016,0.039668,0.039668,0.03994,0.686,5232.802,207.74308521
1517174958675,0.040353,0.039,0.03994,4.754,0.040103,0.227,0.03970016,0.039668,0.039668,0.03994,0.686,5232.802,207.74308521
1517174964588,0.040353,0.039,0.03994,4.754,0.040103,0.227,0.03970016,0.039668,0.039668,0.03994,0.686,5232.802,207.74308521
1517174968788,0.040353,0.039,0.039942,4.754,0.040103,0.227,0.03970016,0.039668,0.039668,0.03994,0.686,5232.802,207.74308521
1517174975696,0.040353,0.039,0.039943,4.754,0.040103,0.227,0.03970017,0.039668,0.039668,0.03994,0.686,5231.802,207.70341721
1517174980936,0.040353,0.039,0.039946,0.478,0.040103,0.227,0.03970017,0.039668,0.039668,0.03994,0.686,5231.802,207.70341721
1517174986250,0.040353,0.039,0.039949,0.478,0.040103,2.453,0.03970027,0.039668,0.039668,0.039947,0.703,5234.028,207.79233922
1517174992455,0.040353,0.039,0.03995,1.9,0.040102,10.432,0.03970027,0.039668,0.039668,0.039947,0.703,5234.028,207.79233922
1517174996987,0.040353,0.039,0.03995,1.9,0.040101,2.453,0.03970028,0.039669,0.039668,0.039947,0.701,5232.33,207.72498297
1517175003599,0.040353,0.039,0.03995,1.9,0.040099,2.453,0.03970028,0.039669,0.039668,0.039947,0.701,5232.33,207.72498297
1517175008338,0.040353,0.039,0.03995,1.9,0.040098,6.573,0.03970028,0.039669,0.039668,0.039947,0.701,5232.33,207.72498297
1517175014809,0.040353,0.039,0.03995,1.9,0.040096,6.573,0.03970028,0.039669,0.039668,0.039947,0.701,5232.33,207.72498297
1517175020769,0.040353,0.039,0.03995,1.9,0.04009,1.627,0.0397003,0.039669,0.039668,0.04009,1.061,5232.579,207.73496538
1517175026227,0.040353,0.039,0.039944,13.92,0.039947,0.3,0.03970039,0.039669,0.039668,0.03995,0.708,5234.479,207.81087038
1517175032126,0.040353,0.039,0.039933,1,0.039947,0.3,0.03970039,0.039669,0.039668,0.03995,0.708,5234.479,207.81087038
1517175037517,0.040353,0.039,0.039933,1,0.039947,0.3,0.03970039,0.039669,0.039668,0.03995,0.708,5234.479,207.81087038
1517175043222,0.040353,0.039,0.039933,1,0.039947,0.3,0.03970039,0.039741,0.039669,0.03995,0.526,5234.419,207.80849025
1517175048928,0.040353,0.039,0.039933,1,0.039947,0.3,0.03970039,0.039741,0.039669,0.03995,0.526,5234.419,207.80849025
1517175054527,0.040353,0.039,0.039933,1,0.039947,0.3,0.03970039,0.039741,0.039741,0.03995,0.526,5234.391,207.80737751
1517175059876,0.040353,0.039,0.039933,1,0.039947,0.25,0.03970039,0.039741,0.039741,0.039947,0.518,5234.441,207.80937486
1517175065263,0.040353,0.039,0.039933,0.99,0.039947,0.25,0.0397004,0.039741,0.039741,0.039933,0.483,5234.451,207.80977419
1517175071330,0.040353,0.039,0.039933,0.99,0.039947,0.25,0.03970039,0.039741,0.039741,0.039933,0.483,5234.403,207.80786663
1517175076703,0.040353,0.039,0.039906,14.88,0.039933,0.387,0.03970045,0.039741,0.039741,0.039933,0.483,5235.643,207.85738355
1517175081994,0.040353,0.039,0.039902,13.92,0.039933,0.137,0.03970046,0.039741,0.039741,0.039933,0.483,5235.893,207.8673668
1517175088128,0.040353,0.039,0.039902,13.708,0.039947,0.137,0.03970048,0.039741,0.039741,0.039902,0.405,5236.398,207.88752796
1517175093179,0.040353,0.039,0.039902,27.823,0.039947,0.052,0.03970052,0.039741,0.039741,0.039902,0.405,5237.248,207.92144848
1517175099343,0.040353,0.039,0.039949,2.777,0.040069,2.203,0.03970057,0.039741,0.039741,0.039947,0.518,5238.315,207.96409144
1517175104788,0.040353,0.039,0.039949,2.522,0.040069,2.203,0.03970058,0.039741,0.039741,0.039949,0.523,5238.57,207.97427843
1517175109317,0.040353,0.039,0.039948,13.665,0.040067,1.763,0.03970067,0.039741,0.039741,0.040067,0.82,5240.03,208.0327158
1517175116054,0.040353,0.039,0.039948,13.665,0.040065,1.763,0.03970069,0.039741,0.039741,0.040066,0.818,5240.279,208.04269223
1517175120764,0.040353,0.039,0.039949,0.25,0.040065,1.763,0.03970069,0.039741,0.039741,0.040066,0.818,5240.279,208.04269223
1517175126790,0.040353,0.039,0.039948,11.169,0.039949,0.982,0.03970082,0.039741,0.039741,0.039948,0.521,5243.025,208.15238968
1517175132326,0.040353,0.039,0.039947,1.438,0.039949,0.982,0.03970082,0.039741,0.039667,0.039948,0.521,5241.848,208.10568853
1517175137128,0.040353,0.039,0.039947,1.438,0.039949,0.982,0.03970082,0.039741,0.039667,0.039948,0.521,5241.848,208.10568853
1517175143255,0.040353,0.039,0.039947,1.438,0.039949,0.982,0.03970082,0.039741,0.039667,0.039948,0.521,5241.848,208.10568853
1517175149255,0.040353,0.039,0.039947,1.438,0.039949,0.982,0.03970082,0.039741,0.039741,0.039948,0.521,5241.597,208.09571354
1517175154876,0.040353,0.039,0.039947,1.438,0.039949,0.732,0.03970083,0.039741,0.039741,0.039949,0.523,5241.847,208.10570079
1517175160759,0.040353,0.039,0.039947,1.438,0.039949,0.732,0.03970083,0.039741,0.039741,0.039949,0.523,5241.847,208.10570079
1517175166234,0.040353,0.039,0.039947,0.438,0.039949,0.732,0.03970088,0.039741,0.039741,0.039947,0.518,5242.847,208.14564779
1517175171485,0.040353,0.039,0.039947,0.438,0.039949,0.732,0.03970088,0.039741,0.039741,0.039947,0.518,5242.847,208.14564779
1517175177639,0.040353,0.039,0.039947,0.438,0.039949,0.482,0.03970089,0.039741,0.039741,0.039949,0.523,5243.097,208.15563504
1517175183070,0.040353,0.039,0.039947,0.438,0.040113,1.513,0.03970094,0.039741,0.039741,0.040113,0.936,5243.829,208.1849187
1517175188923,0.040353,0.039,0.039947,0.438,0.040111,1.513,0.03970092,0.039668,0.039667,0.040113,1.122,5240.402,208.0487983
1517175194320,0.040353,0.039,0.039947,0.438,0.040111,1.513,0.03970092,0.039668,0.039667,0.040113,1.122,5240.402,208.0487983
1517175200123,0.040353,0.039,0.039947,0.438,0.040109,1.513,0.03970094,0.039668,0.039667,0.04011,1.114,5240.651,208.05878569
1517175204364,0.040353,0.039,0.039948,0.25,0.040109,1.513,0.03970094,0.039668,0.039667,0.04011,1.114,5240.651,208.05878569
1517175210043,0.040353,0.039,0.039948,0.25,0.040109,1.513,0.03970094,0.039668,0.039667,0.04011,1.114,5240.651,208.05878569
1517175217278,0.040353,0.039,0.039948,0.25,0.040108,2.38,0.03970096,0.039668,0.039667,0.040109,1.112,5240.9,208.06877283
1517175221706,0.040353,0.039,0.039948,0.25,0.040107,1.264,0.03970097,0.039668,0.039668,0.040109,1.112,5239.9,208.02910483
1517175228130,0.040353,0.039,0.039948,0.25,0.040105,2.38,0.03970097,0.039668,0.039668,0.040109,1.112,5239.9,208.02910483
1517175233743,0.040353,0.039,0.039948,0.25,0.040102,1.264,0.03970097,0.039668,0.039668,0.040109,1.112,5239.9,208.02910483
1517175238722,0.040353,0.039,0.039948,0.25,0.040102,1.264,0.03970097,0.039668,0.039668,0.040109,1.112,5239.9,208.02910483
1517175243829,0.040353,0.039,0.039948,0.25,0.0401,1.264,0.03970097,0.039668,0.039668,0.040109,1.112,5239.9,208.02910483
1517175250810,0.040353,0.039,0.039949,3.716,0.040098,1.264,0.03970101,0.039741,0.039668,0.040099,0.901,5239.398,208.00940613
1517175254738,0.040353,0.039,0.039949,3.716,0.040097,1.264,0.03970101,0.039741,0.039668,0.040099,0.901,5239.398,208.00940613
1517175261887,0.040353,0.039,0.039951,3.716,0.040096,1.264,0.03970101,0.039741,0.039668,0.040099,0.901,5239.398,208.00940613
1517175267361,0.040353,0.039,0.039952,0.25,0.040094,1.264,0.03970103,0.039741,0.039668,0.040095,0.891,5239.647,208.01938978
1517175273260,0.040353,0.039,0.039953,3.716,0.040094,1.264,0.03970103,0.039668,0.039741,0.040095,1.076,5239.396,208.00941479
1517175278621,0.040353,0.039,0.039953,3.716,0.040092,1.264,0.03970104,0.039668,0.039668,0.040095,1.076,5238.396,207.96974679
1517175285796,0.040353,0.039,0.039955,3.716,0.040089,1.264,0.03970104,0.039668,0.039668,0.040095,1.076,5238.396,207.96974679
1517175291128,0.040353,0.039,0.039955,3.716,0.040087,6.075,0.03970104,0.039668,0.039668,0.040095,1.076,5238.396,207.96974679
1517175296730,0.040353,0.039,0.039957,3.715,0.040086,1.264,0.03970105,0.039668,0.039668,0.040087,1.056,5238.645,207.97972845
1517175302343,0.040353,0.039,0.039957,3.964,0.040083,1.015,0.03970107,0.039668,0.039668,0.040086,1.054,5238.894,207.98970986
1517175307284,0.040353,0.039,0.039957,3.964,0.040083,1.015,0.03970107,0.039668,0.039668,0.040086,1.054,5238.894,207.98970986
1517175313539,0.040353,0.039,0.039959,3.964,0.040081,1.015,0.03970108,0.039668,0.039668,0.040086,1.054,5237.894,207.95004186
1517175318786,0.040353,0.039,0.03996,0.5,0.040079,0.766,0.03970111,0.039668,0.039668,0.04008,1.039,5238.392,207.97000194
1517175323357,0.040353,0.039,0.039949,4.463,0.040077,2.13,0.03970117,0.039668,0.039668,0.040079,1.036,5239.377,208.00938933
1517175330220,0.040353,0.039,0.03995,0.25,0.040075,2.38,0.03970119,0.039668,0.039668,0.040076,1.029,5239.626,208.01936825
1517175334781,0.040353,0.039,0.039951,4.712,0.040074,0.268,0.03970119,0.039668,0.039668,0.040076,1.029,5239.626,208.01936825
1517175340522,0.040353,0.039,0.039953,20,0.040072,0.268,0.03970119,0.039741,0.039668,0.040076,0.843,5238.626,207.97970025
1517175346900,0.040353,0.039,0.039953,20,0.040071,2.38,0.03970119,0.039741,0.039668,0.040076,0.843,5238.626,207.97970025
1517175352530,0.040353,0.039,0.039954,0.25,0.04007,0.268,0.03970119,0.039741,0.039668,0.040076,0.843,5238.626,207.97970025
1517175358248,0.040353,0.039,0.039953,19.938,0.039954,0.151,0.03970121,0.039741,0.039668,0.039953,0.533,5238.938,207.99216583
1517175363678,0.040353,0.039,0.039953,19.938,0.039954,0.151,0.03970121,0.039668,0.039741,0.039953,0.718,5238.888,207.99017878
1517175368989,0.040353,0.039,0.039953,19.938,0.039954,0.151,0.03970121,0.039668,0.039741,0.039953,0.718,5238.888,207.99017878
1517175374454,0.040353,0.039,0.039994,0.849,0.040068,0.268,0.03970121,0.039668,0.039741,0.039954,0.721,5239.039,207.99621183
1517175380459,0.040353,0.039,0.039947,0.438,0.040068,0.248,0.03970122,0.039668,0.039741,0.040068,1.008,5239.059,207.99701319
1517175386127,0.040353,0.039,0.039947,0.438,0.040067,2.63,0.03970122,0.039668,0.039741,0.040068,1.008,5239.059,207.99701319
1517175391052,0.040353,0.039,0.039947,0.438,0.040067,2.629,0.03970123,0.039668,0.039741,0.040067,1.006,5239.308,208.00698961
1517175396299,0.040353,0.039,0.039947,0.438,0.040067,2.629,0.03970123,0.039668,0.039741,0.040067,1.006,5239.308,208.00698961
1517175402281,0.040353,0.039,0.039947,0.438,0.040067,2.629,0.03970124,0.039741,0.039668,0.040067,0.82,5238.308,207.96732161
1517175407442,0.040353,0.039,0.039947,0.438,0.040067,2.629,0.03970124,0.039741,0.039668,0.040067,0.82,5238.308,207.96732161
1517175412933,0.040353,0.039,0.039947,0.438,0.040067,2.629,0.03970124,0.039741,0.039741,0.040067,0.82,5238.187,207.96251295
1517175419545,0.040353,0.039,0.039947,0.438,0.040067,2.629,0.03970124,0.039668,0.039741,0.040067,1.006,5237.807,207.94741137
1517175424777,0.040353,0.039,0.039947,0.438,0.040067,2.629,0.03970124,0.039668,0.039741,0.040067,1.006,5237.807,207.94741137
1517175429917,0.040353,0.039,0.039947,0.438,0.040067,2.629,0.03970124,0.039668,0.039668,0.040067,1.006,5236.807,207.90774337
1517175435652,0.040353,0.039,0.039947,0.438,0.040067,2.629,0.03970124,0.039668,0.039668,0.040067,1.006,5236.807,207.90774337
1517175440840,0.040353,0.039,0.039947,0.438,0.040067,2.629,0.03970124,0.039668,0.039668,0.040067,1.006,5236.807,207.90774337
1517175445880,0.040353,0.039,0.039947,0.438,0.040067,2.629,0.03970124,0.039668,0.039668,0.040067,1.006,5236.807,207.90774337
1517175452871,0.040353,0.039,0.039948,0.25,0.040067,2.38,0.03970126,0.039668,0.039668,0.040067,1.006,5237.056,207.91772005
1517175458157,0.040353,0.039,0.039948,0.25,0.040067,2.38,0.03970127,0.039668,0.039668,0.040067,1.006,5236.056,207.87805205
1517175463062,0.040353,0.039,0.039948,0.25,0.040067,2.38,0.03970127,0.03974,0.039668,0.040067,0.823,5235.402,207.85210918
1517175468993,0.040353,0.039,0.039948,0.25,0.040067,2.38,0.03970126,0.039667,0.03974,0.040067,1.008,5234.402,207.81236918
1517175475010,0.040353,0.039,0.039948,0.25,0.040067,2.38,0.03970126,0.039667,0.039667,0.040067,1.008,5234.173,207.80328544
1517175479229,0.040353,0.039,0.039948,0.25,0.040067,2.38,0.03970126,0.039667,0.039667,0.040067,1.008,5234.173,207.80328544
1517175486338,0.040353,0.039,0.039948,0.25,0.040067,2.38,0.03970127,0.03974,0.039667,0.040067,0.823,5233.173,207.76361844
1517175497824,0.040353,0.039,0.039948,0.25,0.04007,0.251,0.03970144,0.03974,0.039667,0.040067,0.823,5235.553,207.8589779
1517175502794,0.040353,0.039,0.039948,0.25,0.04007,0.251,0.03970144,0.039668,0.03974,0.040067,1.006,5235.532,207.85814336
1517175508720,0.040353,0.039,0.039948,0.25,0.04007,0.251,0.03970144,0.039668,0.03974,0.040067,1.006,5235.532,207.85814336
1517175514635,0.040353,0.039,0.039948,0.25,0.04007,0.251,0.03970144,0.039668,0.039668,0.040067,1.006,5234.532,207.81847536
1517175519321,0.040353,0.039,0.039948,0.25,0.04007,0.251,0.03970144,0.039668,0.039668,0.040067,1.006,5234.532,207.81847536
1517175525424,0.040353,0.039,0.039948,0.25,0.040098,2.646,0.03970184,0.039668,0.039668,0.040098,1.084,5239.781,208.02894215
1517175531716,0.040353,0.039,0.039948,0.25,0.040098,2.148,0.03970188,0.039668,0.039668,0.040098,1.084,5240.279,208.04891095
1517175535698,0.040353,0.039,0.039949,4.98,0.040097,5.328,0.03970191,0.039668,0.039668,0.040097,1.081,5240.777,208.06887925
1517175542231,0.040353,0.039,0.039951,4.93,0.040096,0.05,0.03970192,0.039669,0.039668,0.039949,0.706,5239.557,208.02049834
1517175547337,0.040353,0.039,0.039952,3.138,0.040096,0.05,0.03970192,0.039669,0.039668,0.039949,0.706,5239.557,208.02049834
1517175553666,0.040353,0.039,0.039954,2.64,0.040096,0.576,0.03970192,0.039669,0.039668,0.039949,0.706,5239.557,208.02049834
1517175559303,0.040353,0.039,0.039958,4.588,0.040095,0.05,0.03970194,0.039669,0.039668,0.039958,0.729,5239.898,208.03412401
1517175564980,0.040353,0.039,0.039958,4.588,0.040095,0.391,0.03970194,0.039669,0.039668,0.039958,0.729,5239.898,208.03412401
1517175570316,0.040353,0.039,0.039961,4.837,0.040096,0.469,0.03970199,0.03974,0.039669,0.040096,0.896,5239.396,208.01442242
1517175575614,0.040353,0.039,0.039962,2.64,0.040096,0.469,0.03970199,0.03974,0.039669,0.040096,0.896,5239.396,208.01442242
1517175580066,0.040353,0.039,0.039963,4.979,0.040096,0.469,0.03970199,0.03967,0.03974,0.040096,1.074,5239.391,208.01422372
1517175587139,0.040353,0.039,0.039966,2.05,0.040096,0.22,0.03970201,0.03967,0.03974,0.039964,0.741,5239.738,208.02812409
1517175592124,0.040353,0.039,0.039968,4.754,0.040096,0.22,0.03970201,0.03967,0.03974,0.039964,0.741,5239.738,208.02812409
1517175598542,0.040353,0.039,0.039969,2.64,0.040096,0.165,0.03970201,0.03967,0.03974,0.040096,1.074,5239.793,208.03032937
1517175603771,0.040353,0.039,0.039969,2.64,0.040096,0.165,0.03970202,0.03967,0.039669,0.040096,1.074,5238.564,207.98157517
1517175609055,0.040353,0.039,0.039969,2.64,0.040096,0.165,0.03970202,0.03967,0.039669,0.040096,1.074,5238.564,207.98157517
1517175615141,0.040353,0.039,0.039969,2.64,0.040096,0.165,0.03970202,0.03967,0.039669,0.040096,1.074,5238.564,207.98157517
1517175620914,0.040353,0.039,0.03997,4.978,0.040096,0.165,0.03970202,0.03967,0.039669,0.040096,1.074,5238.564,207.98157517
1517175626112,0.040353,0.039,0.039973,4.754,0.040096,0.165,0.03970202,0.03967,0.039669,0.040096,1.074,5238.564,207.98157517
1517175632041,0.040353,0.039,0.039977,4.429,0.040096,0.165,0.03970204,0.039669,0.039669,0.039973,0.766,5237.889,207.95489694
1517175637185,0.040353,0.039,0.039978,2.64,0.040096,0.165,0.03970211,0.039607,0.039605,0.039973,0.924,5232.156,207.72764284
1517175643290,0.040353,0.039,0.039978,2.401,0.040096,0.165,0.03970212,0.039607,0.039605,0.039978,0.937,5232.395,207.73719758
1517175644098,0.040353,0.039,0.039978,2.401,0.040096,0.165,0.03970212,0.039607,0.039605,0.039978,0.937,5232.395,207.73719758
1517175649869,0.040353,0.039,0.039978,2.401,0.040096,0.165,0.03970212,0.039607,0.039605,0.039978,0.937,5232.395,207.73719758
1517175659963,0.040353,0.039,0.039978,2.401,0.040096,0.165,0.03970212,0.039607,0.039605,0.039978,0.937,5232.395,207.73719758
1517175665922,0.040353,0.039,0.039978,2.356,0.040096,1.114,0.03970213,0.039607,0.039605,0.039978,0.937,5232.44,207.73899659
1517175671676,0.040353,0.039,0.039978,2.356,0.040096,1.114,0.03970213,0.039607,0.039605,0.039978,0.937,5232.44,207.73899659
1517175677543,0.040353,0.039,0.039978,2.356,0.040096,1.114,0.03970213,0.039607,0.039605,0.039978,0.937,5232.44,207.73899659
1517175682014,0.040353,0.039,0.039978,2.356,0.040096,1.114,0.03970214,0.039605,0.039606,0.039978,0.942,5231.554,207.70390536
1517175688573,0.040353,0.039,0.039978,2.117,0.040096,1.114,0.03970216,0.039605,0.039606,0.039978,0.942,5231.793,207.7134601
1517175691892,0.040353,0.039,0.039978,2.117,0.040096,1.114,0.03970217,0.039606,0.039605,0.039978,0.939,5230.793,207.6738551
1517175698337,0.040353,0.039,0.039978,2.117,0.040096,1.114,0.03970217,0.039606,0.039605,0.039978,0.939,5230.793,207.6738551
1517175704125,0.040353,0.039,0.039978,1.83,0.040096,0.865,0.03970221,0.039606,0.039605,0.039978,0.939,5231.329,207.69531268
1517175709814,0.040353,0.039,0.039978,7.084,0.040096,0.865,0.03970221,0.039606,0.039605,0.039978,0.939,5231.329,207.69531268
1517175715617,0.040353,0.039,0.039979,4.429,0.040096,0.865,0.03970221,0.039606,0.039605,0.039978,0.939,5231.329,207.69531268
1517175722133,0.040353,0.039,0.039979,4.429,0.040096,0.865,0.03970221,0.039606,0.039605,0.039978,0.939,5231.329,207.69531268
1517175726708,0.040353,0.039,0.03998,1.83,0.040096,0.865,0.03970221,0.039606,0.039605,0.039979,0.942,5231.368,207.69687186
1517175733455,0.040353,0.039,0.03998,1.83,0.040096,0.865,0.03970221,0.039606,0.039605,0.039979,0.942,5231.368,207.69687186
1517175739014,0.040353,0.039,0.039999,1,0.040096,0.616,0.03970223,0.039606,0.039605,0.040096,1.237,5231.617,207.70685576
1517175743720,0.040353,0.039,0.039999,1,0.040096,0.616,0.03970223,0.039606,0.039605,0.040096,1.237,5231.617,207.70685576
1517175751107,0.040353,0.039,0.039916,1.83,0.040096,0.616,0.0397023,0.039734,0.039606,0.039999,0.667,5231.617,207.70724876
1517175757364,0.040353,0.039,0.039918,6.814,0.040096,0.616,0.0397023,0.039734,0.039606,0.039999,0.667,5231.617,207.70724876
1517175763076,0.040353,0.039,0.03992,4.984,0.040096,0.116,0.03970234,0.039733,0.039734,0.040096,0.914,5231.866,207.71732353
1517175766285,0.040353,0.039,0.039921,4.984,0.040095,5.079,0.03970235,0.039607,0.039733,0.040095,1.232,5231.188,207.69047469
1517175774155,0.040353,0.039,0.039924,2.61,0.040095,4.83,0.03970237,0.039607,0.039733,0.040095,1.232,5231.437,207.70045834
1517175780008,0.040353,0.039,0.039925,4.983,0.040095,4.83,0.03970239,0.039606,0.039606,0.040095,1.235,5230.437,207.66085141
1517175785764,0.040353,0.039,0.039927,4.983,0.040095,4.83,0.03970239,0.039606,0.039606,0.040095,1.235,5230.437,207.66085141
1517175791571,0.040353,0.039,0.039931,4.983,0.040095,4.692,0.0397024,0.039606,0.039606,0.040095,1.235,5230.575,207.66638452
1517175797089,0.040353,0.039,0.039932,4.982,0.040095,4.692,0.0397024,0.039606,0.039606,0.040095,1.235,5230.575,207.66638452
1517175802950,0.040353,0.039,0.039933,1.83,0.040095,4.692,0.0397024,0.039606,0.039606,0.040095,1.235,5230.575,207.66638452
1517175808208,0.040353,0.039,0.039937,4.982,0.040095,12.032,0.03970246,0.039729,0.039605,0.040095,0.921,5230.073,207.64674618
1517175813899,0.040353,0.039,0.039938,1.83,0.040095,12.032,0.03970246,0.039729,0.039605,0.040095,0.921,5230.073,207.64674618
1517175819302,0.040353,0.039,0.039939,4.982,0.040095,12.032,0.03970246,0.039729,0.039605,0.040095,0.921,5230.073,207.64674618
1517175825309,0.040353,0.039,0.039943,4.39,0.040096,2.61,0.03970248,0.039729,0.039605,0.040095,0.921,5230.322,207.65672983
1517175830884,0.040353,0.039,0.039946,4.981,0.040096,2.457,0.03970249,0.039729,0.039605,0.040096,0.924,5230.571,207.66671363
1517175836533,0.040353,0.039,0.039951,4.98,0.040096,2.457,0.03970249,0.039729,0.039729,0.040096,0.924,5230.567,207.66655472
1517175840978,0.040353,0.039,0.039953,4.98,0.040096,2.457,0.0397025,0.039606,0.039729,0.039952,0.874,5230.482,207.66319069
1517175846952,0.040353,0.039,0.039955,4.98,0.040096,2.208,0.03970252,0.039608,0.039606,0.040096,1.232,5230.7,207.67194681
1517175853382,0.040353,0.039,0.039956,4.979,0.040096,2.208,0.03970252,0.039608,0.039606,0.040096,1.232,5230.7,207.67194681
1517175858142,0.040353,0.039,0.039957,1.83,0.040096,1.959,0.03970253,0.039608,0.039606,0.040096,1.232,5230.949,207.68193071
1517175864303,0.040353,0.039,0.03996,4.979,0.040096,2.666,0.03970272,0.039729,0.039607,0.040096,0.924,5233.323,207.77717717
1517175869732,0.040353,0.039,0.039961,4.332,0.040096,2.666,0.03970272,0.039729,0.039607,0.040096,0.924,5233.323,207.77717717
1517175872764,0.040353,0.039,0.039962,4.979,0.040096,2.666,0.03970272,0.039729,0.039607,0.040096,0.924,5233.323,207.77717717
1517175881049,0.040353,0.039,0.039965,4.978,0.040096,2.666,0.03970272,0.03962,0.039729,0.040096,1.201,5232.762,207.75489642
1517175886625,0.040353,0.039,0.039965,1.83,0.04,0.999,0.03970272,0.03962,0.039729,0.040096,1.201,5232.762,207.75489642
1517175889225,0.040353,0.039,0.039965,1.83,0.04,0.999,0.03970272,0.03962,0.039729,0.040096,1.201,5232.762,207.75489642
1517175897700,0.040353,0.039,0.039927,4.983,0.04,0.999,0.03970272,0.03962,0.039729,0.040096,1.201,5232.762,207.75489642
1517175903743,0.040353,0.039,0.039927,4.983,0.04,0.999,0.03970272,0.03962,0.039729,0.040096,1.201,5232.762,207.75489642
1517175907129,0.040353,0.039,0.039927,4.983,0.04,0.999,0.03970272,0.03962,0.039729,0.040096,1.201,5232.762,207.75489642
1517175913097,0.040353,0.039,0.039929,4.983,0.04,0.999,0.03970272,0.03962,0.039729,0.040096,1.201,5232.762,207.75489642
1517175920363,0.040353,0.039,0.039929,4.983,0.04,0.999,0.03970272,0.03962,0.039729,0.040096,1.201,5232.762,207.75489642
1517175925102,0.040353,0.039,0.039929,4.983,0.04,0.999,0.03970272,0.03962,0.039729,0.040096,1.201,5232.762,207.75489642
1517175931668,0.040353,0.039,0.039931,4.983,0.04,0.499,0.03970275,0.03962,0.039729,0.04,0.959,5233.262,207.77489642
1517175936816,0.040353,0.039,0.039931,4.983,0.04,0.499,0.03970275,0.03962,0.039729,0.04,0.959,5233.262,207.77489642
1517175942138,0.040353,0.039,0.039931,4.983,0.04,0.249,0.03970276,0.03962,0.039729,0.04,0.959,5233.512,207.78489642
1517175948615,0.040353,0.039,0.039934,4.332,0.04,0.249,0.03970276,0.03962,0.039729,0.04,0.959,5233.512,207.78489642
1517175952959,0.040353,0.039,0.039935,4.982,0.04,0.249,0.03970278,0.039627,0.03962,0.04,0.941,5232.512,207.74527642
1517175959212,0.040353,0.039,0.039935,4.982,0.04,0.249,0.03970278,0.039627,0.03962,0.04,0.941,5232.512,207.74527642
1517175965226,0.040353,0.039,0.039936,4.332,0.040093,4.193,0.03970279,0.039627,0.03962,0.040093,1.176,5232.762,207.75527651
1517175970760,0.040353,0.039,0.039937,1.83,0.040093,3.943,0.03970281,0.039627,0.03962,0.040093,1.176,5233.012,207.76529976
1517175976081,0.040353,0.039,0.039938,4.982,0.040093,3.694,0.03970287,0.039628,0.039627,0.040093,1.173,5230.651,207.67185644
