1517174948768,0.000189,0.000166,0.0001695,6671,0.00016958,525,0.00017488,0.00017503,0.00017503,0.00016958,-3.114,5062940,885.38279477
1517174958900,0.000189,0.000166,0.0001695,6671,0.00016958,483,0.00017488,0.00017503,0.00017503,0.00016958,-3.114,5062982,885.38991713
1517174964614,0.000189,0.000166,0.0001695,6671,0.00016957,1274,0.00017488,0.00017477,0.00017503,0.00016958,-2.97,5062868,885.36996371
1517174969242,0.000189,0.000166,0.0001695,6671,0.00016954,552,0.00017488,0.00017477,0.00017503,0.00016958,-2.97,5062868,885.36996371
1517174974867,0.000189,0.000166,0.0001695,6671,0.00016952,1120,0.00017488,0.00017477,0.00017503,0.00016952,-3.004,5062883,885.37250651
1517174980874,0.000189,0.000166,0.0001695,6671,0.00016951,1120,0.00017488,0.00017477,0.00017503,0.00016952,-3.004,5062883,885.37250651
1517174986486,0.000189,0.000166,0.0001695,6019,0.00016951,1101,0.00017487,0.00017477,0.00017503,0.0001695,-3.015,5063554,885.4862412
1517174992694,0.000189,0.000166,0.0001695,5467,0.00016951,1101,0.00017487,0.00017477,0.00017503,0.0001695,-3.015,5064106,885.5798052
1517174997939,0.000189,0.000166,0.0001695,4363,0.00016951,1101,0.00017487,0.00017477,0.00017503,0.0001695,-3.015,5065210,885.7669332
1517175003980,0.000189,0.000166,0.0001695,3259,0.00016951,1063,0.00017487,0.00017477,0.00017503,0.00016951,-3.01,5066352,885.96050258
1517175009358,0.000189,0.000166,0.0001695,3037,0.00016951,1063,0.00017487,0.00017503,0.000175,0.0001695,-3.159,5066501,885.98535773
1517175015192,0.000189,0.000166,0.0001695,3037,0.00016951,1063,0.00017487,0.000175,0.00017503,0.0001695,-3.143,5066487,885.98290731
1517175020684,0.000189,0.000166,0.0001695,3037,0.00016951,1188,0.00017487,0.000175,0.00017503,0.0001695,-3.143,5066487,885.98290731
1517175025903,0.000189,0.000166,0.0001695,2485,0.00016951,1188,0.00017487,0.000175,0.00017503,0.0001695,-3.143,5067039,886.07647131
1517175032082,0.000189,0.000166,0.0001695,1381,0.00016951,1188,0.00017487,0.00017502,0.000175,0.0001695,-3.154,5068092,886.25467431
1517175037473,0.000189,0.000166,0.0001695,277,0.00016951,1188,0.00017487,0.00017502,0.00017502,0.0001695,-3.154,5069182,886.43935203
1517175043255,0.000189,0.000166,0.00016948,12,0.0001695,1338,0.00017487,0.00017503,0.00017503,0.0001695,-3.159,5069361,886.46915071
1517175049048,0.000189,0.000166,0.00016901,235,0.00016947,1063,0.00017487,0.00017503,0.00017503,0.00016948,-3.171,5069373,886.47118447
1517175054645,0.000189,0.000166,0.00016901,235,0.00016943,1063,0.00017487,0.00017503,0.00017503,0.00016946,-3.182,5069395,886.47491259
1517175060240,0.000189,0.000166,0.00016901,235,0.00016949,536,0.00017487,0.00017485,0.00017503,0.00016942,-3.106,5069531,886.49764546
1517175064625,0.000189,0.000166,0.00016901,235,0.00016946,1033,0.00017487,0.00017485,0.00017485,0.00016947,-3.077,5069560,886.50249553
1517175071146,0.000189,0.000166,0.00016901,235,0.00016945,149,0.00017487,0.00017503,0.00017503,0.00016946,-3.182,5069026,886.40904638
1517175076937,0.000189,0.000166,0.00016901,235,0.00016944,149,0.00017487,0.00017485,0.00017503,0.00016946,-3.083,5068926,886.39154338
1517175081637,0.000189,0.000166,0.00016901,235,0.00016944,1020,0.00017487,0.00017485,0.00017503,0.00016944,-3.094,5068942,886.39425442
1517175086482,0.000189,0.000166,0.00016901,110,0.00016944,1008,0.00017487,0.00017485,0.00017503,0.00016944,-3.094,5069079,886.41741395
1517175092945,0.000189,0.000166,0.00016901,235,0.00016943,1008,0.00017487,0.00017485,0.00017503,0.00016944,-3.094,5069079,886.41741395
1517175098555,0.000189,0.000166,0.00016901,235,0.00016949,1302,0.00017487,0.00017503,0.00017485,0.00016944,-3.194,5069058,886.4137421
1517175104634,0.000189,0.000166,0.00016901,235,0.00016943,1008,0.00017487,0.00017503,0.00017485,0.00016943,-3.199,5068625,886.33787127
1517175109273,0.000189,0.000166,0.00016901,235,0.00016943,658,0.00017487,0.00017503,0.00017485,0.00016943,-3.199,5068975,886.39717177
1517175114416,0.000189,0.000166,0.00016901,235,0.00016943,658,0.00017487,0.00017503,0.00017485,0.00016943,-3.199,5068975,886.39717177
1517175121320,0.000189,0.000166,0.00016901,235,0.00016943,679,0.00017487,0.00017503,0.00017485,0.00016943,-3.199,5068975,886.39717177
1517175126852,0.000189,0.000166,0.00016901,235,0.00016943,679,0.00017487,0.00017502,0.00017485,0.00016943,-3.194,5068844,886.37425292
1517175132734,0.000189,0.000166,0.00016901,40,0.00016942,430,0.00017487,0.00017485,0.00017502,0.00016942,-3.106,5069155,886.42674623
1517175138689,0.000189,0.000166,0.00016901,40,0.00016941,292,0.00017487,0.00017475,0.00017475,0.00016941,-3.056,5069327,886.45492299
1517175144262,0.000189,0.000166,0.000169,113,0.00016941,47,0.00017487,0.00017475,0.00017475,0.000169,-3.29,5069829,886.53986184
1517175149924,0.000189,0.000166,0.000169,113,0.00016942,180,0.00017487,0.00017475,0.00017475,0.000169,-3.29,5069350,886.45615659
1517175155236,0.000189,0.000166,0.000169,13,0.00016939,165,0.00017487,0.00017497,0.00017475,0.00016939,-3.189,5069049,886.40290144
1517175160876,0.000189,0.000166,0.000169,13,0.00016939,165,0.00017487,0.00017497,0.00017475,0.00016939,-3.189,5069049,886.40290144
1517175166293,0.000189,0.000166,0.000169,13,0.00016939,135,0.00017487,0.00017497,0.00017475,0.00016939,-3.189,5069079,886.40798314
1517175172536,0.000189,0.000166,0.000169,13,0.00016939,118,0.00017487,0.00017497,0.00017475,0.00016939,-3.189,5069096,886.41086277
1517175177054,0.000189,0.000166,0.000169,13,0.00016939,118,0.00017487,0.000175,0.00017497,0.00016939,-3.206,5069084,886.40876313
1517175182858,0.000189,0.000166,0.000169,13,0.00016939,118,0.00017487,0.000175,0.00017497,0.00016939,-3.206,5069084,886.40876313
1517175187828,0.000189,0.000166,0.00016911,32,0.00016939,87,0.00017487,0.00017475,0.000175,0.00016939,-3.067,5069075,886.40701422
1517175194768,0.000189,0.000166,0.00016911,32,0.00016938,47,0.00017487,0.00017475,0.000175,0.00016939,-3.067,5069087,886.4090469
1517175200288,0.000189,0.000166,0.00016911,32,0.00016938,152,0.00017487,0.00017475,0.000175,0.00016939,-3.067,5068885,886.37373715
1517175206528,0.000189,0.000166,0.00016911,32,0.00016938,152,0.00017487,0.0001748,0.00017475,0.00016939,-3.095,5068385,886.28636215
1517175211819,0.000189,0.000166,0.00016911,32,0.00016937,265,0.00017487,0.00017475,0.000175,0.00016939,-3.067,5068062,886.2299086
1517175217952,0.000189,0.000166,0.00016911,32,0.00016934,47,0.00017487,0.00017475,0.00017475,0.00016935,-3.09,5065784,885.8317309
1517175223486,0.000189,0.000166,0.000169,13,0.00016934,1,0.00017487,0.00017475,0.00017475,0.00016911,-3.227,5065862,885.84493206
1517175229032,0.000189,0.000166,0.000169,13,0.00016933,376,0.00017487,0.00017475,0.00017475,0.00016935,-3.09,5065949,885.8596655
1517175234587,0.000189,0.000166,0.000169,13,0.00016933,333,0.00017487,0.00017502,0.00017475,0.00016933,-3.251,5065720,885.81941469
1517175239992,0.000189,0.000166,0.000169,13,0.00016932,430,0.00017487,0.00017502,0.00017475,0.00016933,-3.251,5065820,885.83634769
1517175242706,0.000189,0.000166,0.000169,13,0.00016932,535,0.00017487,0.00017502,0.00017475,0.00016933,-3.251,5065820,885.83634769
1517175251617,0.000189,0.000166,0.000169,13,0.00016931,105,0.00017487,0.00017476,0.00017503,0.00016933,-3.107,5065321,885.74900881
1517175256252,0.000189,0.000166,0.000169,13,0.0001693,330,0.00017487,0.00017476,0.00017476,0.0001693,-3.124,5065409,885.76384169
1517175262113,0.000189,0.000166,0.000169,13,0.00016931,105,0.00017486,0.00017476,0.00017476,0.0001693,-3.124,5065739,885.81971069
1517175269538,0.000189,0.000166,0.000169,13,0.00016933,1161,0.00017486,0.00017476,0.00017476,0.00016931,-3.119,5065726,885.81686656
1517175273070,0.000189,0.000166,0.000169,13,0.00016932,28,0.00017486,0.00017476,0.00017476,0.00016931,-3.119,5065726,885.81686656
1517175280943,0.000189,0.000166,0.000169,13,0.00016933,865,0.00017486,0.00017476,0.00017476,0.00016933,-3.107,5065917,885.84848612
1517175286106,0.000189,0.000166,0.000169,13,0.00016932,247,0.00017486,0.00017476,0.00017476,0.00016933,-3.107,5065664,885.80427184
1517175291014,0.000189,0.000166,0.000169,13,0.00016932,247,0.00017486,0.00017476,0.00017476,0.00016933,-3.107,5065664,885.80427184
1517175297843,0.000189,0.000166,0.00016899,98,0.00016932,247,0.00017486,0.0001749,0.00017476,0.000169,-3.373,5065511,885.77745868
1517175300112,0.000189,0.000166,0.00016899,98,0.00016932,247,0.00017486,0.0001749,0.00017476,0.000169,-3.373,5065511,885.77745868
1517175308651,0.000189,0.000166,0.00016899,98,0.00016932,247,0.00017486,0.0001749,0.00017476,0.000169,-3.373,5064973,885.68343514
1517175314869,0.000189,0.000166,0.00016899,98,0.00016932,247,0.00017486,0.0001749,0.0001749,0.000169,-3.373,5064936,885.67696384
1517175318577,0.000189,0.000166,0.00016899,45,0.00016928,247,0.00017486,0.00017503,0.00017503,0.00016899,-3.451,5063196,885.37211458
1517175324276,0.000189,0.000166,0.00016899,45,0.00016928,23,0.00017486,0.00017476,0.000175,0.00016928,-3.136,5062909,885.32059453
1517175331857,0.000189,0.000166,0.00016899,45,0.00016929,788,0.00017486,0.00017476,0.00017476,0.00016928,-3.136,5062912,885.32099277
1517175337451,0.000189,0.000166,0.00016896,198,0.00016929,788,0.00017486,0.00017503,0.00017476,0.00016896,-3.468,5062260,885.2065344
1517175342918,0.000189,0.000166,0.00016896,198,0.00016928,467,0.00017486,0.00017476,0.00017476,0.00016896,-3.319,5062058,885.17121866
1517175348562,0.000189,0.000166,0.00016872,242,0.00016927,896,0.00017486,0.00017476,0.00017476,0.00016872,-3.456,5062962,885.32251056
1517175350507,0.000189,0.000166,0.00016872,242,0.00016927,896,0.00017486,0.00017503,0.00017476,0.00016872,-3.605,5062716,885.2795196
1517175359167,0.000189,0.000166,0.00016872,227,0.00016927,911,0.00017486,0.00017503,0.00017503,0.00016872,-3.605,5062717,885.27959998
1517175364653,0.000189,0.000166,0.00016872,227,0.00016925,911,0.00017486,0.00017503,0.00017503,0.00016872,-3.605,5062717,885.27959998
1517175369463,0.000189,0.000166,0.00016872,227,0.00016925,871,0.00017486,0.00017503,0.00017503,0.00016925,-3.302,5062757,885.28636998
1517175373853,0.000189,0.000166,0.00016874,267,0.00016925,871,0.00017486,0.00017503,0.00017503,0.00016925,-3.302,5062757,885.28636998
1517175382368,0.000189,0.000166,0.00016874,352,0.00016875,14,0.00017486,0.00017503,0.00017503,0.00016925,-3.302,5062842,885.30075623
1517175387888,0.000189,0.000166,0.00016873,219,0.00016874,24,0.00017486,0.00017503,0.00017503,0.00016874,-3.594,5063194,885.36015271
1517175393347,0.000189,0.000166,0.00016873,219,0.00016925,1138,0.00017486,0.00017503,0.00017503,0.00016875,-3.588,5062204,885.18663413
1517175398094,0.000189,0.000166,0.00016873,219,0.00016925,1138,0.00017486,0.00017503,0.00017503,0.00016875,-3.588,5062114,885.17088143
1517175404797,0.000189,0.000166,0.00016873,219,0.00016925,996,0.00017486,0.00017503,0.00017503,0.00016925,-3.302,5062256,885.19491493
1517175410490,0.000189,0.000166,0.00016873,179,0.00016925,938,0.00017486,0.00017503,0.00017503,0.00016925,-3.302,5062354,885.21148063
1517175415078,0.000189,0.000166,0.00016873,154,0.00016925,938,0.00017486,0.00017475,0.00017475,0.00016873,-3.445,5060802,884.94011136
1517175421442,0.000189,0.000166,0.00016873,154,0.00016899,938,0.00017486,0.00017501,0.00017476,0.00016873,-3.588,5060340,884.85937241
1517175427045,0.000189,0.000166,0.00016871,592,0.00016872,358,0.00017486,0.00017501,0.00017476,0.00016872,-3.594,5060612,884.90527459
1517175432707,0.000189,0.000166,0.0001685,882,0.00016871,908,0.00017486,0.00017501,0.00017476,0.0001687,-3.606,5062243,885.18043021
1517175438430,0.000189,0.000166,0.0001685,882,0.0001687,860,0.00017486,0.000175,0.00017476,0.0001687,-3.6,5062139,885.16164248
1517175443840,0.000189,0.000166,0.000168,82,0.00016867,3655,0.00017485,0.00017476,0.000175,0.000168,-3.868,5069417,886.38476536
1517175449439,0.000189,0.000166,0.000168,82,0.00016869,873,0.00017485,0.00017475,0.00017475,0.000168,-3.863,5069001,886.31206618
1517175454432,0.000189,0.000166,0.000168,82,0.00016869,843,0.00017485,0.00017475,0.00017475,0.00016869,-3.468,5069031,886.31712688
1517175460597,0.000189,0.000166,0.00016818,24,0.00016869,689,0.00017485,0.00017501,0.00017475,0.00016869,-3.611,5069050,886.31951389
1517175466545,0.000189,0.000166,0.00016818,24,0.00016866,689,0.00017485,0.00017453,0.00017475,0.00016867,-3.358,5067976,886.13167547
1517175471533,0.000189,0.000166,0.00016818,24,0.0001687,39,0.00017485,0.0001747,0.0001745,0.00016863,-3.475,5068344,886.19171453
1517175477522,0.000189,0.000166,0.000168,82,0.00016869,91,0.00017485,0.00017475,0.00017475,0.0001687,-3.462,5067928,886.1186295
1517175482872,0.000189,0.000166,0.000168,82,0.00016862,3605,0.00017485,0.00017475,0.00017475,0.00016862,-3.508,5067887,886.1112516
1517175488685,0.000189,0.000166,0.000168,82,0.00016865,2476,0.00017485,0.00017475,0.00017475,0.00016862,-3.508,5067738,886.08521385
1517175493678,0.000189,0.000166,0.000168,82,0.00016861,3605,0.00017485,0.00017475,0.00017475,0.00016865,-3.491,5066548,885.87649711
1517175500050,0.000189,0.000166,0.00016771,1083,0.00016855,2476,0.00017485,0.00017502,0.00017475,0.0001677,-4.182,5067172,885.98002434
1517175505947,0.000189,0.000166,0.00016772,71,0.00016852,3562,0.00017485,0.00017501,0.00017502,0.00016852,-3.708,5067082,885.96384423
1517175511218,0.000189,0.000166,0.00016773,235,0.00016848,3504,0.00017485,0.00017501,0.00017502,0.00016851,-3.714,5067158,885.97665157
1517175516826,0.000189,0.000166,0.0001679,71,0.00016848,3294,0.00017485,0.00017501,0.00017502,0.00016848,-3.731,5067368,886.01203237
1517175522697,0.000189,0.000166,0.0001679,71,0.00016848,3294,0.00017485,0.00017501,0.00017502,0.00016848,-3.731,5067368,886.01203237
1517175527848,0.000189,0.000166,0.00016791,110,0.00016848,3122,0.00017485,0.00017501,0.00017502,0.00016848,-3.731,5067665,886.06199968
1517175533624,0.000189,0.000166,0.00016797,102,0.00016848,400,0.00017485,0.00017476,0.00017501,0.00016848,-3.593,5067650,886.05937453
1517175539601,0.000189,0.000166,0.00016797,102,0.00016873,273,0.00017485,0.00017476,0.00017501,0.00016848,-3.593,5068050,886.12676653
1517175544836,0.000189,0.000166,0.00016799,102,0.00016899,200,0.00017485,0.00017476,0.00017501,0.00016873,-3.45,5068323,886.17282982
1517175550925,0.000189,0.000166,0.000168,881,0.00016899,200,0.00017485,0.00017501,0.00017502,0.00016896,-3.457,5066894,885.92270089
1517175555935,0.000189,0.000166,0.00016806,102,0.00016887,3107,0.00017485,0.00017502,0.00017502,0.0001689,-3.497,5066329,885.82301124
1517175562217,0.000189,0.000166,0.00016806,102,0.00016885,185,0.00017484,0.00017501,0.00017502,0.00016885,-3.52,5066977,885.93172202
1517175567732,0.000189,0.000166,0.00016807,71,0.00016881,185,0.00017484,0.00017501,0.00017502,0.00016881,-3.543,5067007,885.93678707
1517175573336,0.000189,0.000166,0.00016808,102,0.00016894,220,0.00017484,0.00017501,0.00017502,0.00016894,-3.468,5067253,885.97832226
1517175578795,0.000189,0.000166,0.00016771,1476,0.00016896,2954,0.00017484,0.00017501,0.00017502,0.0001677,-4.177,5072058,886.78483422
1517175584221,0.000189,0.000166,0.00016772,882,0.00016893,406,0.00017484,0.00017501,0.00017502,0.00016881,-3.543,5072072,886.78719756
1517175589543,0.000189,0.000166,0.00016775,1476,0.00016893,298,0.00017484,0.00017501,0.00017502,0.00016893,-3.474,5072180,886.805442
1517175595376,0.000189,0.000166,0.00016777,1476,0.00016893,3168,0.00017484,0.00017501,0.00017501,0.00016893,-3.474,5071950,886.76511066
1517175601065,0.000189,0.000166,0.00016778,882,0.00016888,2426,0.00017484,0.00017501,0.00017501,0.00016893,-3.474,5071963,886.76730675
1517175606325,0.000189,0.000166,0.0001678,119,0.00016886,271,0.00017484,0.00017501,0.00017501,0.0001678,-4.12,5072038,886.7799381
1517175612274,0.000189,0.000166,0.0001685,14,0.00016885,71,0.00017484,0.00017502,0.00017502,0.0001685,-3.725,5071949,886.76394784
1517175617837,0.000189,0.000166,0.0001685,14,0.00016883,71,0.00017484,0.00017502,0.00017502,0.0001685,-3.725,5071949,886.76394784
1517175623302,0.000189,0.000166,0.00016787,125,0.00016848,6875,0.00017484,0.00017502,0.00017502,0.00016848,-3.737,5072023,886.77641984
1517175629045,0.000189,0.000166,0.00016788,1161,0.00016843,2426,0.00017484,0.00017502,0.00017502,0.00016846,-3.748,5072757,886.90006948
1517175634387,0.000189,0.000166,0.0001679,125,0.00016842,445,0.00017484,0.00017502,0.00017502,0.00016789,-4.074,5073092,886.95643712
1517175638161,0.000189,0.000166,0.00016795,297,0.00016845,200,0.00017483,0.00017502,0.00017502,0.00016839,-3.788,5075884,887.42636182
1517175644807,0.000189,0.000166,0.00016795,297,0.00016845,2349,0.00017483,0.00017503,0.00017502,0.00016839,-3.794,5075810,887.41341034
1517175650548,0.000189,0.000166,0.00016839,49,0.00016844,96,0.00017483,0.00017503,0.00017503,0.00016845,-3.759,5075226,887.31109412
1517175657492,0.000189,0.000166,0.00016839,49,0.00016844,37,0.00017483,0.00017515,0.00017517,0.00016844,-3.831,5073765,887.05491417
1517175662983,0.000189,0.000166,0.00016839,49,0.00016844,2171,0.00017483,0.00017502,0.00017502,0.00016844,-3.76,5073541,887.01568939
1517175664100,0.000189,0.000166,0.00016839,49,0.00016844,2070,0.00017483,0.00017502,0.00017502,0.00016844,-3.76,5073642,887.03270183
1517175674340,0.000189,0.000166,0.00016839,49,0.00016844,2070,0.00017483,0.00017517,0.00017502,0.00016844,-3.842,5073045,886.92821489
1517175678626,0.000189,0.000166,0.00016839,49,0.00016844,2019,0.00017483,0.00017517,0.00017502,0.00016844,-3.842,5073096,886.93680533
1517175685639,0.000189,0.000166,0.00016839,49,0.00016844,2019,0.00017483,0.00017517,0.00017502,0.00016844,-3.842,5073096,886.93680533
1517175691323,0.000189,0.000166,0.00016839,49,0.00016844,2001,0.00017483,0.00017517,0.00017503,0.00016844,-3.842,5072650,886.85794935
1517175695969,0.000189,0.000166,0.00016839,49,0.00016844,1839,0.00017483,0.00017517,0.00017503,0.00016844,-3.842,5072812,886.88523663
1517175701140,0.000189,0.000166,0.00016839,49,0.00016844,1839,0.00017483,0.00017517,0.00017517,0.00016844,-3.842,5072627,886.85283704
1517175705430,0.000189,0.000166,0.00016839,49,0.00016843,1882,0.00017483,0.00017517,0.00017517,0.00016843,-3.848,5072483,886.82699248
1517175710522,0.000189,0.000166,0.00016839,49,0.00016843,1739,0.00017483,0.00017518,0.00017518,0.00016843,-3.853,5071826,886.71137507
1517175717913,0.000189,0.000166,0.00016839,49,0.00016843,1739,0.00017483,0.00017518,0.00017518,0.00016843,-3.853,5071826,886.71137507
1517175723564,0.000189,0.000166,0.00016839,49,0.00016843,1687,0.00017483,0.00017564,0.00017518,0.00016843,-4.105,5071788,886.70436723
1517175727189,0.000189,0.000166,0.00016839,49,0.00016843,1687,0.00017483,0.00017563,0.00017564,0.00016843,-4.1,5071768,886.70085443
1517175735143,0.000189,0.000166,0.00016839,49,0.0001684,2871,0.00017483,0.00017561,0.00017518,0.00016843,-4.089,5071602,886.67175163
1517175739958,0.000189,0.000166,0.00016839,49,0.0001684,2871,0.00017483,0.0001756,0.00017563,0.00016843,-4.083,5071404,886.63697833
1517175747221,0.000189,0.000166,0.00016839,49,0.0001684,2851,0.00017483,0.00017558,0.0001756,0.0001684,-4.089,5071298,886.61822073
1517175752627,0.000189,0.000166,0.00016839,49,0.0001684,814,0.00017483,0.0001755,0.0001755,0.0001684,-4.046,5068466,886.10672323
1517175754367,0.000189,0.000166,0.00016839,49,0.0001684,744,0.00017483,0.0001755,0.0001755,0.0001684,-4.046,5068512,886.11429923
1517175760723,0.000189,0.000166,0.00016839,49,0.0001684,916,0.00017483,0.0001755,0.0001755,0.0001684,-4.046,5068443,886.10218973
1517175769305,0.000189,0.000166,0.00016839,49,0.0001684,901,0.00017483,0.0001755,0.0001755,0.0001684,-4.046,5068337,886.08348023
1517175770366,0.000189,0.000166,0.00016839,35,0.0001684,901,0.00017483,0.0001755,0.0001755,0.00016839,-4.051,5068351,886.08583769
1517175775568,0.000189,0.000166,0.00016839,35,0.0001684,901,0.00017483,0.0001755,0.0001755,0.00016839,-4.051,5068351,886.08583769
1517175783696,0.000189,0.000166,0.00016839,35,0.0001684,729,0.00017483,0.00017558,0.00017558,0.00016839,-4.095,5068164,886.05301595
1517175791619,0.000189,0.000166,0.00016839,35,0.0001684,729,0.00017483,0.00017558,0.00017558,0.00016839,-4.095,5068151,886.05073341
1517175797583,0.000189,0.000166,0.00016839,15,0.0001684,1557,0.00017483,0.00017564,0.00017563,0.0001684,-4.122,5063979,885.31759529
1517175802791,0.000189,0.000166,0.00016839,15,0.0001684,1557,0.00017483,0.0001757,0.00017564,0.0001684,-4.155,5063943,885.31127225
1517175808693,0.000189,0.000166,0.00016722,1479,0.00016837,1161,0.00017482,0.0001757,0.0001757,0.0001684,-4.155,5065910,885.64014702
1517175814317,0.000189,0.000166,0.00016741,94,0.00016837,1161,0.00017482,0.0001757,0.0001757,0.0001684,-4.155,5065695,885.60236967
1517175820028,0.000189,0.000166,0.00016744,1479,0.00016836,200,0.00017482,0.0001757,0.0001757,0.0001684,-4.155,5065695,885.60236967
1517175825915,0.000189,0.000166,0.00016761,384,0.00016833,1161,0.00017482,0.0001757,0.0001757,0.0001684,-4.155,5065677,885.59920707
1517175831639,0.000189,0.000166,0.00016761,384,0.00016832,200,0.00017482,0.0001757,0.0001757,0.00016832,-4.2,5065787,885.61772227
1517175834421,0.000189,0.000166,0.00016763,296,0.00016831,1051,0.00017482,0.0001757,0.0001757,0.00016762,-4.599,5065817,885.62275087
1517175842137,0.000189,0.000166,0.00016763,296,0.00016828,200,0.00017482,0.0001757,0.0001757,0.00016762,-4.599,5065774,885.61519577
1517175847051,0.000189,0.000166,0.00016765,296,0.00016827,40,0.00017482,0.0001757,0.0001757,0.00016827,-4.229,5066785,885.78531674
1517175853324,0.000189,0.000166,0.00016769,210,0.00016827,40,0.00017482,0.000176,0.000176,0.00016827,-4.392,5065218,885.50977387
1517175859651,0.000189,0.000166,0.00016772,1122,0.00016827,40,0.00017482,0.000176,0.000176,0.00016827,-4.392,5064842,885.44359787
1517175865255,0.000189,0.000166,0.00016776,15,0.00016827,25,0.00017482,0.000176,0.000176,0.00016827,-4.392,5064857,885.44612192
1517175871071,0.000189,0.000166,0.00016776,23,0.00016826,225,0.00017482,0.000176,0.000176,0.00016827,-4.392,5065863,885.61490996
1517175876478,0.000189,0.000166,0.00016776,23,0.00016826,190,0.00017482,0.000176,0.000176,0.00016826,-4.398,5065898,885.62079881
1517175881816,0.000189,0.000166,0.00016776,23,0.00016826,170,0.00017482,0.000176,0.000176,0.00016826,-4.398,5065978,885.63425961
1517175887769,0.000189,0.000166,0.00016776,23,0.00016826,200,0.00017482,0.00017601,0.00017601,0.00016827,-4.397,5062359,884.99716461
1517175891949,0.000189,0.000166,0.00016776,23,0.00016826,148,0.00017482,0.00017601,0.00017601,0.00016826,-4.403,5062371,884.99887373
1517175898842,0.000189,0.000166,0.00016776,23,0.00016827,746,0.00017482,0.00017601,0.00017601,0.00016826,-4.403,5061235,884.79892637
1517175903683,0.000189,0.000166,0.00016776,23,0.00016827,746,0.00017482,0.00017601,0.00017621,0.00016826,-4.403,5060338,884.64099106
1517175909618,0.000189,0.000166,0.00016776,23,0.00016825,129,0.00017482,0.00017602,0.00017601,0.00016825,-4.414,5058465,884.31097543
1517175915603,0.000189,0.000166,0.00016776,23,0.00016825,266,0.00017482,0.00017602,0.00017601,0.00016825,-4.414,5058500,884.31686418
1517175921249,0.000189,0.000166,0.00016776,23,0.00016825,212,0.00017482,0.00017563,0.00017564,0.00016825,-4.202,5057775,884.18898395
1517175926850,0.000189,0.000166,0.00016776,23,0.00016824,235,0.00017482,0.0001762,0.00017563,0.00016825,-4.512,5056867,884.02868535
1517175932303,0.000189,0.000166,0.00016776,23,0.00016824,235,0.00017482,0.00017567,0.00017566,0.00016825,-4.224,5056626,883.98634481
1517175938284,0.000189,0.000166,0.00016776,23,0.00016825,83,0.00017482,0.00017616,0.00017564,0.00016825,-4.49,5056602,883.98200292
1517175943430,0.000189,0.000166,0.00016776,23,0.00016825,83,0.00017482,0.00017616,0.00017616,0.00016825,-4.49,5056497,883.96350612
1517175949141,0.000189,0.000166,0.00016776,23,0.00016827,621,0.00017482,0.00017567,0.00017616,0.00016825,-4.224,5054691,883.64470463
1517175954900,0.000189,0.000166,0.00016825,47,0.00016827,621,0.00017482,0.00017567,0.00017616,0.00016825,-4.224,5054691,883.64470463
1517175960401,0.000189,0.000166,0.00016825,47,0.00016826,130,0.00017482,0.00017566,0.00017564,0.00016825,-4.218,5054344,883.58375005
1517175966055,0.000189,0.000166,0.00016737,1176,0.00016824,63,0.00017482,0.00017566,0.00017564,0.00016825,-4.218,5054391,883.5916578
1517175971630,0.000189,0.000166,0.00016741,2379,0.00016824,163,0.00017482,0.00017614,0.00017566,0.00016825,-4.479,5054374,883.58867158
1517175977241,0.000189,0.000166,0.00016745,382,0.00016824,163,0.00017482,0.00017614,0.00017566,0.00016825,-4.479,5054374,883.58867158
